4275 6025
1093 692 1159 757 188

454 907 637 976 adhibitum
660 926 730 973 esse
760 925 860 998 supra
888 905 1102 972 conclusimus
1130 927 1163 991 p.
1189 907 1242 976 12.
1291 923 1330 972 ac
1360 901 1506 989 profecto
1528 902 1707 988 complures
1730 900 1796 967 sibi

454 1017 586 1097 praesto
607 1010 708 1078 fnisse
730 1015 880 1078 auctores
901 1009 1026 1078 Plinius
1048 1009 1170 1077 diserte
1192 1010 1262 1096 ipse
1289 1015 1443 1076 testatur:
1475 1031 1527 1074 ure
1553 1010 1585 1074 ia
1617 1009 1679 1074 ulia
1701 1018 1798 1094 purte

454 1121 555 1184 rarior
577 1129 732 1182 cadorum
756 1118 957 1182 6666666ιί6
978 1138 1047 1202 eqs.

567 1227 598 1306 6,
611 1229 653 1296 61
678 1223 886 1293 Varroniano
907 1223 952 1290 ad
972 1223 1074 1310 ipsius
1097 1224 1198 1290 maris
1214 1221 1326 1309 Oaspii
1349 1222 1597 1308 descriptionem
1619 1221 1794 1308 pertinent,

455 1333 543 1399 ultra
571 1352 653 1417 quos
683 1329 764 1397 lines
792 1331 826 1396 in
858 1330 1124 1397 antecedentibus
1145 1329 1272 1395 Plinius
1302 1335 1458 1414 evagatus
1489 1335 1549 1396 est.
1596 1350 1636 1394 ea
1665 1328 1699 1393 in
1728 1326 1794 1392 fine

454 1437 541 1505 illius
563 1437 790 1522 descriptionis
813 1437 970 1504 collocata
991 1435 1091 1503 luisse
1112 1435 1202 1503 haud
1224 1436 1290 1502 scio
1313 1457 1356 1502 an
1378 1442 1466 1503 recte
1489 1434 1629 1502 sentiam
1659 1438 1798 1519 propter

454 1543 587 1622 insulas,
611 1563 694 1627 quas
717 1563 756 1609 ea
777 1546 979 1626 pertractata
1001 1541 1245 1608 commemorari
1267 1540 1317 1607 las
1338 1539 1410 1607 fuit.

566 1650 688 1735 optime
718 1650 818 1734 igitur
848 1647 1022 1715 cohaerent
1052 1648 1232 1733 sequentia,
1261 1647 1380 1733 quibus
1403 1645 1522 1734 (laspio
1548 1649 1622 1714 sinu
1644 1646 1798 1714 absoluto

455 1755 600 1842 Scythici
623 1762 658 1822 et
679 1754 743 1821 Eoi
751 1755 779 1842 ¹)
801 1754 913 1822 oceani
934 1775 993 1821 ora
1014 1759 1186 1824 tractatur.
1233 1759 1363 1822 exstant
1384 1755 1497 1822 oceani
1518 1754 1648 1821 nomina
1670 1751 1795 1821 Varro·

453 1863 561 1942 niano,
593 1862 682 1928 frons
713 1860 856 1927 eiusdem
886 1859 1017 1925 notione
1042 1859 1216 1939 invenitur,
1244 1881 1317 1925 cum
1342 1857 1430 1925 Mela
1460 1861 1506 1947 (3,
1524 1859 1638 1945 6966.)
1667 1879 1795 1924 summa

453 1968 642 2038 similitudo.
687 1967 839 2033 continuo
860 1965 937 2032 inde
959 1987 1055 2032 cursu
1078 1987 1182 2050 usqne
1204 1966 1246 2032 ad
1269 1965 1423 2032 Indiam
1444 1966 1657 2051 pervenimus.

566 2096 588 2141 a
629 2074 720 2141 cuius
763 2072 980 2156 descriptione
1024 2074 1165 2157 primum
1203 2073 1334 2158 quidem
1371 2070 1595 2138 additamenta
1632 2070 1793 2156 quaedam

454 2180 635 2268 separanda
663 2186 749 2249 sunt.
797 2177 938 2246 Senecae
969 2179 1188 2245 testimonium
1221 2201 1241 2246 a
1272 2178 1380 2246 Plinio
1411 2177 1560 2245 additum
1592 2199 1662 2245 esse
1693 2199 1797 2262 snpra

455 2288 647 2356 coniecimus
668 2309 701 2372 p.
718 2289 750 2356 6.
772 2285 806 2352 id
830 2285 917 2371 quod
939 2287 1055 2352 merito
1077 2284 1202 2352 factum
1224 2306 1294 2352 esse
1310 2306 1347 2352 eo
1363 2285 1604 2352 demonstratur
1619 2284 1704 2370 quod
1719 2305 1792 2350 oon·

455 2395 587 2462 tradicit
609 2396 656 2460 eis
679 2414 763 2478 quae
791 2396 821 2473 6,
835 2396 880 2463 68
905 2392 1075 2478 leguntur:
1102 2403 1201 2478 pratea
1227 2394 1255 2457 ri
1279 2392 1423 2479 urbesque
1444 2394 1662 2461 innumerae.
1708 2390 1792 2457 adde

456 2503 545 2587 quod
571 2508 668 2568 notae
694 2500 765 2567 loco
792 2520 862 2566 esse
885 2497 1027 2567 Senecae
1053 2499 1153 2567 verba
1175 2506 1298 2566 eertum
1321 2505 1380 2566 est.
1425 2500 1637 2584 nequeenim
1659 2503 1797 2585 propter

453 2615 565 2694 gentes
588 2606 757 2686 CXVIII,
781 2605 838 2674 sed
859 2611 994 2692 propter
1016 2627 1127 2673 amnes
1150 2605 1313 2672 landatur.
1360 2605 1477 2671 deinde
1496 2604 1683 2690 Agrippeae
1704 2624 1792 2669 men·

454 2735 549 2782 surae
580 2716 610 2796 6,
628 2718 671 2784 67
703 2713 888 2798 adscriptae
920 2719 1006 2796 snnt,
1040 2719 1211 2798 postquam
1243 2713 1395 2779 continua
1426 2711 1525 2778 series
1554 2731 1640 2795 quae
1665 2711 1794 2795 graecis

452 2819 608 2900 fontibus,
640 2819 859 2886 Eratosthene
893 2822 1032 2887 maxime
1065 2820 1191 2902 nititur,
1223 2817 1318 2885 finita
1348 2823 1406 2885 est.
1460 2824 1531 2884 tum
1563 2817 1796 2884 Artemidorea

454 2932 486 3009 6,
499 2931 543 2999 70
551 2926 580 3014 ⁹)
604 2927 673 2993 sine
695 2947 820 2993 conexu
842 2926 912 2993 loco
927 2940 1045 3011 parum
1060 2933 1138 3011 apto
1153 2926 1345 3011 interpositu
1359 2931 1444 2992 sunt.
1491 2924 1574 2991 adde
1590 2924 1678 3010 quod
1693 2923 1794 2989 rerba

453 3036 550 3099 Indua
571 3036 673 3098 rtatim
696 3058 716 3097 a
738 3033 919 3097 Prasiorum
944 3045 1038 3119 pente,
1066 3057 1194 3119 quorum
1221 3036 1254 3097 ia
1276 3034 1425 3097 montonis
1447 3033 1594 3119 Pypmuei
1615 3035 1794 3112 truduntur,

453 3142 535 3208 adeo
556 3141 674 3207 mutila
695 3146 781 3219 sunt,
803 3146 842 3207 ut
861 3141 1025 3227 adscripto
1042 3140 1222 3223 fragmento
1237 3140 1465 3207 Artemidoreo
1484 3140 1643 3206 enuntiati
1665 3144 1793 3223 partem

454 3247 593 3314 deletam
623 3267 692 3312 esse
722 3247 906 3315 conieceris.
951 3246 993 3313 ab
1027 3247 1125 3314 huius
1154 3247 1296 3314 auctoris
1326 3247 1541 3331 descriptione
1564 3245 1688 3334 (Strab.
1712 3247 1796 3326 719)

426 3373 493 3426 ,ea
520 3372 652 3436 quoque
684 3372 783 3435 quam
813 3353 953 3419 maxime
983 3354 1147 3436 recedunt,
1172 3376 1258 3439 quae
1281 3357 1312 3434 6,
1325 3357 1367 3424 66
1392 3354 1432 3419 de
1455 3351 1572 3437 Gange
1594 3352 1791 3423 referuntur.

453 3457 529 3522 binc
551 3456 621 3522 iure
648 3457 777 3523 ridetur
804 3457 913 3540 colligi
939 3478 1044 3543 posse,
1080 3479 1120 3525 ex
1150 3458 1277 3526 Isidoro
1312 3458 1559 3543 descriptionem
1592 3459 1697 3543 ipsam
1727 3478 1795 3523 nou

454 3562 593 3628 fluxisse.

564 3669 704 3755 denique
737 3671 876 3756 amphus
906 3671 1165 3739 additamentum
1187 3671 1414 3740 secludendum
1438 3678 1500 3745 est:
1526 3674 1557 3752 6,
1570 3674 1703 3742 61-63
1727 3693 1795 3755 666

453 3778 524 3844 1666
555 3798 681 3843 summa
711 3798 784 3843 cum
814 3777 984 3862 diligentia
1014 3779 1062 3844 ita
1092 3784 1131 3844 ut
1161 3777 1213 3844 vel
1240 3778 1317 3863 quid
1340 3779 1374 3844 in
1396 3777 1530 3844 diversis
1554 3778 1793 3864 exemplaribus

453 3883 612 3949 traditum
646 3884 699 3962 sit,
734 3883 920 3963 adnotetur,
951 3883 1185 3950 dimensuratio
1216 3882 1333 3950 Indiae
1363 3884 1558 3952 adnectitur.
1603 3885 1686 3951 hanc
1714 3905 1795 3951 vcro

456 3996 549 4055 extra
570 3988 731 4073 reliquam
752 3989 1002 4073 descriptionem
1025 4010 1094 4057 esse
1116 3991 1257 4075 positam
1279 3990 1355 4057 inde
1375 3991 1575 4076 intellegitur
1597 3991 1683 4077 quod
1700 3992 1795 4057 nullo

453 4096 548 4162 modo
582 4117 685 4181 neque
720 4117 792 4161 cum
829 4096 1095 4163 antecedentibus
1133 4117 1238 4181 66666
1275 4118 1348 4164 666
1385 4098 1594 4183 sequentibus
1632 4098 1791 4165 cohaeret.

454 4202 596 4269 debebat
618 4213 727 4269 autem
742 4204 776 4268 in
792 4202 924 4270 exordio
939 4204 1165 4289 descriptionis
1180 4205 1272 4270 iuxta
1287 4205 1430 4290 reliquas
1445 4228 1612 4273 mensuras
1628 4206 1790 4273 collocari.

453 4309 579 4374 accedit
608 4309 707 4375 uliud.
753 4310 786 4375 in
818 4310 946 4395 reliqua
975 4311 1061 4377 enim
1091 4312 1296 4378 enarratione
1320 4312 1559 4379 Eratosthenes
1588 4314 1790 4398 potissimum

453 4412 673 4498 proferuntur,
709 4437 781 4481 eum
815 4421 925 4483 autem
959 4416 1001 4482 ab
1036 4417 1092 4483 illo
1125 4419 1195 4484 viro
1229 4419 1368 4485 alienam
1399 4441 1468 4486 esse
1499 4419 1667 4486 adnotavit
1689 4419 1793 4505 Hugo

452 4516 625 4606 Berger⁸).
670 4521 736 4587 iam
758 4543 834 4589 vero
857 4522 885 4589 si
909 4524 1094 4607 quaerimus
1117 4524 1202 4591 unde
1224 4525 1305 4591 illud
1327 4526 1582 4592 additamentum
1606 4533 1720 4593 natum
1736 4528 1788 4608 sit,

456 4655 668 4666 --.——..-

563 4715 585 4782 1)
604 4715 628 4780 6,
639 4716 674 4771 63
686 4720 836 4785 e<o>um
848 4718 1026 4775 Detlefsenus
1039 4719 1210 4789 probabilius
1227 4737 1309 4789 quam
1321 4718 1538 4791 lliillenhottius,
1551 4720 1688 4779 Deutsche
1700 4722 1792 4779 Alter·

454 4800 552 4858 taccat.
571 4800 619 4859 111
638 4804 708 4860 1892
729 4822 757 4874 p.
775 4807 809 4862 63
828 4811 1004 4876 e<ur>um.
1041 4826 1130 4879 neque
1148 4809 1221 4864 enim
1238 4814 1337 4879 postea
1354 4810 1391 4864 ad
1408 4810 1497 4865 Eoum
1516 4826 1648 4866 cosanum
1668 4810 1790 4883 descrip-

453 4892 560 4946 tionem
578 4893 724 4960 pervenire
742 4893 888 4949 indicatur.

562 4982 584 5046 2)
603 4972 685 5054 ixx]
698 4998 750 5051 pro
767 4974 866 5056 [m]
884 4984 1033 5054 legendnm
1052 5003 1112 5041 esse
1128 4987 1237 5042 monuit
1248 4987 1430 5043 Hoffmannus
1444 4985 1789 5060 (hellenismum).

561 5068 585 5139 ⁸)
602 5068 659 5126 Die
674 5070 902 5142 proprupbircbea
919 5070 1088 5145 1666666616
1107 5074 1154 5130 des
1172 5074 1370 5131 Eratosthenes
1389 5076 1460 5132 1880
1479 5094 1506 5146 p.
1526 5077 1578 5133 227
1597 5077 1660 5132 adn.
1680 5080 1705 5133 1.
