4275 6025
1000 716 1041 779 51

352 927 596 1014 gumentatione
619 928 817 1006 evicerimus,
840 931 954 1006 restat,
986 931 1024 992 ut
1046 924 1177 1010 quando
1199 925 1323 992 Plinius
1346 947 1364 991 e
1386 925 1476 994 Mela
1497 927 1556 993 illa
1579 928 1690 994 ‘Echi-

355 1035 487 1102 nadum'
509 1034 639 1100 nomina
654 1032 828 1112 addiderit,
845 1033 1062 1118 exquiramus.
1100 1033 1186 1098 inter
1200 1033 1322 1098 insulas
1337 1054 1412 1099 cum
1427 1033 1547 1118 Symen
1562 1034 1691 1102 Plinius

308 1157 314 1166 ·
356 1141 526 1226 agnoverit
554 1145 587 1205 et
608 1139 762 1221 omiserit,
793 1139 834 1205 ds
859 1151 923 1225 qua
946 1145 976 1220 t,
992 1143 1055 1210 133
1079 1141 1197 1224 agitur,
1222 1139 1311 1205 baud
1332 1141 1400 1206 scio
1422 1161 1465 1206 an
1487 1145 1574 1207 recte
1596 1141 1689 1207 libris

355 1247 591 1334 geographicis,
619 1253 705 1312 certe
728 1246 782 1314 IV
800 1254 833 1313 et
848 1246 891 1327 V,
916 1246 1074 1313 absolutis
1089 1246 1196 1312 Melae
1218 1267 1299 1331 opus
1320 1269 1393 1313 eum
1420 1248 1593 1314 arcessisse
1615 1268 1690 1314 con·

355 1354 495 1420 cludam.
540 1353 651 1438 itaque
673 1359 847 1438 postquam
869 1355 1097 1438 primariorum
1124 1359 1292 1420 auctorum
1321 1374 1382 1439 ope
1411 1354 1513 1420 libros
1542 1355 1688 1435 confecit,

354 1460 488 1526 minoris
512 1479 639 1544 quoque
660 1461 757 1542 pretii
781 1461 954 1544 scriptores
976 1459 1124 1544 perlegit,
1149 1461 1178 1524 si
1201 1458 1281 1542 quid
1303 1459 1379 1525 inde
1401 1459 1525 1525 fructus
1548 1467 1689 1545 caperet.

463 1566 503 1632 dc
525 1566 631 1632 Melae
655 1572 763 1632 autem
785 1573 917 1632 auctore
949 1566 1028 1650 quid
1055 1566 1129 1632 inde
1150 1572 1315 1651 sequatur,
1345 1567 1518 1632 videamus.
1565 1589 1639 1633 nam
1662 1569 1692 1633 si

354 1672 457 1739 Thiae
480 1673 605 1739 insulae
627 1695 742 1740 nomen
771 1675 811 1740 ab
837 1675 909 1760 ipso
932 1673 1020 1740 Mela
1052 1678 1242 1758 corruptum
1272 1673 1496 1756 exhibebatur,
1526 1671 1597 1738 fieri
1626 1695 1690 1740 non

354 1782 472 1863 potest,
504 1785 542 1844 ut
564 1780 633 1862 ipse
655 1802 727 1846 eam
754 1781 893 1845 insulam
926 1780 1097 1846 addiderit.
1143 1781 1254 1864 itaque
1284 1781 1350 1845 iam
1381 1780 1448 1845 eius
1478 1785 1592 1844 auctor
1618 1799 1690 1843 eam

355 1888 453 1953 novit.
501 1907 573 1952 cum
595 1908 671 1953 uero
694 1887 812 1953 'Phiam
835 1908 921 1953 anno
943 1888 1072 1952 demum
1095 1891 1138 1957 46
1153 1908 1186 1971 p.
1211 1884 1289 1955 Chr.
1314 1907 1332 1952 e
1354 1887 1438 1952 mari
1460 1891 1591 1951 enatam
1620 1906 1691 1951 esse

354 1998 508 2059 accurato
523 1991 612 2058 Plini
634 1992 853 2076 testimoni01)
876 1997 1010 2073 constet,
1035 1990 1176 2057 efficitur
1198 1998 1237 2057 ut
1255 1998 1370 2057 auctor
1385 1991 1491 2056 Melae
1506 1999 1581 2075 post
1602 1991 1689 2057 bunc

355 2119 477 2163 aunum
500 2097 673 2179 scripserit.
718 2096 805 2161 unde
828 2097 1030 2180 cognoscitur
1052 2095 1132 2161 terri
1154 2097 1241 2162 nullo
1257 2097 1353 2162 modo
1368 2095 1582 2164 Oebmicbeui
1596 2118 1689 2182 posse

356 2204 550 2269 sententiam
573 2204 629 2286 qui
653 2202 836 2269 Varronem
859 2224 879 2268 a
902 2201 989 2267 Mela
1012 2204 1206 2286 exscriptum
1230 2225 1300 2268 esse
1330 2204 1392 2268 sibi
1421 2206 1594 2289 persuasit.
1640 2210 1688 2270 at·

356 2330 420 2392 que
444 2309 594 2392 quoniam
618 2308 723 2392 qualis
747 2310 886 2393 scriptor
909 2314 992 2374 esset
1015 2308 1113 2392 Mela,
1144 2309 1237 2376 nobis
1259 2309 1401 2375 dilucide
1420 2312 1586 2395 apparuit,
1616 2311 1690 2377 doc-

356 2420 427 2479 tum
457 2413 550 2479 illum
579 2419 743 2479 auctorem
775 2415 816 2480 ab
847 2416 910 2481 isto
940 2415 1100 2481 nebulone
1132 2415 1251 2481 lectum
1289 2437 1359 2482 esse
1395 2416 1484 2482 haud
1520 2416 1617 2482 facile
1652 2423 1691 2482 ut

356 2523 532 2600 crederem,
557 2541 576 2587 a
600 2542 651 2586 ms
673 2522 890 2605 impetrarem.

463 2627 520 2692 sed
543 2647 583 2692 ne
605 2628 638 2691 in
662 2627 808 2710 Augusti
831 2628 962 2711 quidem
984 2627 1042 2693 illa
1065 2626 1106 2692 de
1130 2649 1194 2711 qua
1214 2626 1385 2694 Schweder
1406 2628 1558 2712 cogitavit
1580 2629 1689 2694 cboro·

355 2733 494 2818 graphia
516 2740 650 2818 propter
672 2743 855 2818 temporum
878 2735 1036 2800 rationem
1059 2733 1144 2798 Thia
1175 2733 1279 2798 insula
1301 2735 1546 2800 commemorari
1575 2735 1690 2818 potuit.

354 2841 468 2923 itaque
491 2861 532 2905 ue
555 2859 626 2904 eam
651 2840 780 2924 quidem
804 2861 824 2904 a
846 2839 936 2905 Mela
958 2841 1154 2923 exscriptam
1178 2860 1247 2903 esse
1269 2839 1470 2922 perspicitur.
1515 2861 1599 2924 quae
1621 2862 1691 2906 sen·

356 2947 461 3011 tentia
482 2944 682 3013 multimodis
706 2943 925 3011 confirmatur.
971 2967 1047 3010 nam
1072 2966 1270 3029 quamquam
1293 2966 1357 3010 uon
1373 2945 1509 3010 dubium
1531 2953 1589 3030 est,
1613 2947 1690 3032 quin

355 3074 395 3118 aa
417 3052 537 3136 quibus
560 3051 650 3117 Mela
672 3052 865 3135 Pliniusqus
888 3054 930 3118 ad
954 3054 1024 3136 ipsa
1046 3052 1146 3118 verba
1175 3073 1279 3137 usque
1308 3054 1522 3136 consentiunt,
1554 3053 1589 3118 in
1619 3055 1688 3119 uni·

353 3180 480 3224 versum
503 3159 545 3225 ad
568 3182 668 3226 uuum
693 3162 855 3244 quendam
885 3167 1046 3228 auctorem
1069 3161 1252 3227 Romanum
1278 3160 1448 3227 referenda
1474 3164 1549 3243 sint,
1580 3170 1690 3231 tamen

355 3286 420 3331 non
449 3266 606 3349 sequitur,
640 3274 678 3348 ut
708 3268 820 3334 eodem
851 3274 983 3334 auctore
1006 3267 1094 3334 Mela
1123 3290 1188 3351 quo
1210 3268 1337 3334 Plinius
1368 3290 1446 3334 usus
1476 3270 1520 3334 sit
1528 3268 1566 3353 ²).
1613 3293 1689 3336 nam

355 3374 439 3439 sicut
454 3372 606 3454 Plinium,
624 3394 697 3439 cum
718 3373 860 3439 eiusdem
883 3375 1008 3457 generis
1031 3376 1123 3441 varia
1144 3376 1268 3460 scripta
1282 3376 1472 3459 perlegeret,
1496 3376 1608 3459 fugere
1623 3400 1688 3444 non

354 3482 462 3566 potuit
485 3504 504 3547 a
526 3482 732 3547 iuratissimis
756 3486 790 3547 et
812 3482 968 3564 proximis
990 3488 1115 3547 ueteres
1138 3484 1349 3567 transcriptos
1372 3483 1570 3549 adverbum
1584 3503 1689 3566 neque

353 3588 582 3670 nominatos8),
605 3590 654 3653 ita
675 3588 884 3653 temerarium
908 3595 993 3654 esset
1015 3590 1216 3668 concludere,
1239 3590 1343 3657 Melae
1360 3591 1531 3673 Plinioque
1554 3590 1690 3655 cundem

357 3700 522 3760 auctorem
545 3701 675 3779 praesto
697 3693 806 3776 fuisse,
831 3696 977 3779 quamvis
993 3696 1098 3761 multa
1112 3698 1322 3765 consentiant.
1361 3697 1418 3762 sed
1440 3696 1568 3761 illinon
1585 3696 1689 3761 solum

355 3801 560 3865 consentiunt
574 3799 696 3881 multis,
712 3820 825 3865 verum
842 3786 938 3866 etiam
955 3801 1160 3883 dissentiunt,
1178 3809 1277 3887 atque
1290 3802 1469 3867 rectissime
1480 3798 1689 3887 Schweder‘)

354 3905 540 3989 postulavit,
573 3912 610 3970 ut
637 3906 736 3971 etiam
760 3906 948 3971 discrimina
970 3908 1152 3972 accuratius
1182 3908 1453 3972 examinarentur.
1498 3905 1551 3969 cui
1582 3902 1688 3970 officio

353 4010 524 4094 postmodo
546 4030 606 4094 pro
628 4009 713 4074 virili
735 4015 829 4093 parte
852 4015 939 4076 stare
962 4012 1163 4092 conabimur3
1196 4012 1286 4095 prius
1309 4017 1418 4077 autem
1442 4007 1626 4076 Schwederi
1649 4010 1689 4077 ds

354 4116 592 4201 chorograpbia
615 4116 760 4201 Augusti
783 4117 892 4200 opinio
920 4117 954 4182 in
985 4138 1120 4184 examen
1148 4118 1292 4183 vocanda
1321 4124 1381 4184 est.
1427 4138 1502 4182 nam
1532 4117 1616 4183 banc
1647 4119 1689 4185 ab

353 4229 492 4307 utroque
515 4222 693 4319 expilatam
724 4242 792 4288 esse
824 4221 999 4288 contendit.
1045 4229 1146 4307 atque
1175 4245 1276 4289 unum
1306 4243 1371 4308 qno
1402 4221 1477 4289 buic
1509 4226 1690 4292 sententiae

354 4328 547 4413 adstipulari
577 4330 758 4413 prohibeor,
791 4350 891 4413 supra
919 4330 1066 4395 tractavi.
1112 4334 1184 4395 tota
1214 4335 1323 4394 autem
1347 4328 1529 4397 Schwederi
1561 4332 1689 4400 demon·

353 4435 468 4500 stratio
500 4456 578 4499 uum
607 4440 694 4500 recto
717 4434 784 4499 talo
807 4440 881 4516 stet,
914 4454 985 4499 cum
1017 4433 1189 4499 nemodum
1221 4435 1425 4517 quaesiuerit,
1464 4456 1542 4503 sane
1571 4459 1689 4522 operae

351 4542 491 4625 pretium
515 4549 564 4608 cst
585 4542 792 4627 perscrutari.

462 4737 483 4804 ¹)
503 4736 528 4805 2,
539 4737 599 4792 202.

461 4827 482 4897 ²)
502 4843 537 4880 ne
555 4825 609 4880 boc
628 4824 740 4893 quidem
758 4828 864 4879 temere
881 4822 1058 4877 statuendum
1076 4839 1136 4877 esse
1154 4840 1249 4878 omnes
1267 4823 1341 4879 inter
1359 4842 1405 4881 eos
1425 4824 1621 4880 similitudines
1640 4825 1689 4878 uni

351 4914 449 4970 deberi
467 4914 598 4984 scriptori
617 4914 677 4967 iure
695 4912 842 4969 Schweder
859 4911 950 4967 Beitr.
968 4910 1000 4965 11
1020 4911 1090 4967 1878
1107 4929 1135 4981 p.
1155 4913 1236 4981 34sq.
1255 4914 1370 4967 monuit.

462 5004 482 5074 ³)
502 5004 573 5060 Ptin.
592 5007 648 5060 nat.
667 5002 754 5072 prael.
773 5004 817 5059 22.

461 5074 484 5165 *ᾗ
503 5091 592 5148 Bao.
611 5090 658 5147 111
677 5092 746 5147 1ses
765 5108 791 5160 p.
812 5092 854 5147 32.
