4275 6025
1130 665 1172 730 lo

480 877 524 944 ud
546 875 778 944 elementorum
799 873 913 940 seriem
930 872 1097 940 ordinatas
1112 872 1222 940 deberi
1241 875 1365 958 primus
1380 872 1626 963 Detlefseuus¹)
1640 876 1815 962 perspexit,

480 1005 548 1052 rem
571 983 783 1072 pertractavit
805 981 883 1048 Otto
906 979 1058 1068 Ouuta').

571 1089 727 1156 laudatur
749 1095 860 1155 autem
877 1087 1047 1172 Augustus
1070 1087 1156 1153 iuter
1177 1093 1327 1154 auctores
1349 1086 1508 1154 librorum
1531 1085 1589 1156 111
1613 1094 1647 1154 et
1667 1085 1728 1170 IV,
1752 1107 1818 1155 non

480 1200 567 1266 inter
589 1197 622 1266 V
645 1205 679 1264 et
703 1195 764 1264 VI.
810 1195 844 1260 id
860 1194 948 1278 quod
965 1191 1138 1260 Schrader
1146 1191 1174 1278 ⁸)
1197 1194 1245 1259 ita
1266 1193 1428 1278 explicare
1450 1200 1597 1276 conatur,
1621 1201 1659 1260 ut
1673 1194 1817 1260 Plinium

481 1307 543 1374 hac
568 1327 605 1372 re
639 1303 799 1371 iudicasse
833 1307 967 1378 statuat,
1002 1319 1037 1366 se
1070 1319 1134 1365 uon
1169 1319 1251 1383 opus
1285 1299 1449 1383 quoddam
1482 1300 1525 1366 ah
1558 1302 1629 1386 ipso
1664 1301 1818 1386 Augusto

481 1411 659 1498 perlectum
682 1408 810 1487 adiisse,
833 1405 890 1472 sed
913 1405 1178 1490 chorographiam
1200 1406 1270 1470 eius
1292 1406 1449 1472 instinctu
1468 1408 1689 1491 compositam.
1730 1407 1817 1491 quod

482 1518 511 1584 si
533 1515 660 1582 Plinius
686 1512 829 1580 indicare
857 1511 1020 1584 eoluhset
1054 1532 1119 1594 quo
1149 1509 1245 1578 modo
1275 1511 1408 1579 stultius
1438 1513 1544 1580 facere
1575 1515 1722 1598 potuerit
1753 1535 1818 1580 non

482 1621 585 1688 video.
624 1619 681 1686 sed
697 1617 880 1686 aufemmus
896 1615 1093 1682 ridicularia
1125 1623 1213 1680 recte
1228 1615 1313 1681 enim
1327 1626 1462 1703 propter
1476 1625 1660 1704 temporum
1674 1623 1818 1687 rationes

481 1725 676 1810 Ountrius⁴l
708 1725 844 1792 coniecit
873 1722 1004 1789 tabulas
1027 1721 1130 1786 Asiae
1152 1727 1186 1785 ιι
1209 1720 1344 1788 Africae
1372 1722 1416 1791 ab
1442 1724 1595 1811 Agrippa
1624 1728 1818 1813 compositas

482 1857 563 1917 esse,
588 1835 739 1918 Europae
761 1833 886 1917 aliquas
909 1841 995 1895 certe
1018 1849 1056 1894 eo
1079 1837 1206 1894 mortuo
1229 1828 1271 1894 ab
1294 1830 1499 1915 imperatore.

572 1941 612 2007 de
634 1939 742 2006 indole
764 1949 874 2004 autem
902 1937 1009 2020 operis
1032 1934 1198 2017 Augustei
1227 1955 1292 2000 uon
1322 1943 1374 2002 est
1405 1936 1493 2023 quod
1522 1939 1623 2006 verba
1653 1938 1818 2020 faciamus,

481 2053 654 2136 propterea
679 2044 769 2130 quod
791 2042 947 2110 Ouutzius
979 2041 1020 2106 de
1050 2062 1089 2107 eo
1118 2051 1207 2107 recte
1237 2041 1405 2112 iudicarit.
1458 2067 1497 2114 ac
1522 2069 1565 2114 ne
1594 2046 1657 2113 hoc
1688 2044 1819 2132 quidem

482 2154 624 2221 dubitari
647 2158 762 2238 potest,
798 2148 876 2234 quin
910 2147 1041 2212 tabulae
1074 2147 1108 2211 iu
1139 2148 1320 2232 periegesin
1351 2152 1493 2222 insertae
1523 2157 1597 2222 sint.
1642 2155 1690 2221 nil
1719 2154 1820 2238 igitur

482 2262 640 2349 periegeei
651 2281 721 2326 cum
734 2257 894 2340 Augusto.
915 2253 970 2318 sed
983 2252 1024 2319 de
1037 2252 1101 2320 hac
1111 2274 1147 2320 re
1158 2263 1274 2340 postea
1284 2266 1471 2331 accuratius
1482 2263 1573 2328 uobis
1584 2263 1748 2336 agendum
1759 2263 1818 2326 est.

572 2368 718 2454 sequitur
734 2363 853 2434 Varro
878 2361 1081 2428 Atacinus.
1128 2364 1220 2430 cuius
1235 2364 1491 2452 chorographiae
1511 2359 1667 2428 numquid
1683 2363 1820 2426 deberet

483 2475 620 2556 Plinius,
644 2493 737 2540 nemo
759 2470 867 2538 adhuc
889 2470 1056 2554 quaesivit.
1104 2476 1310 2538 tamencum
1334 2481 1371 2534 ut
1390 2471 1513 2548 poetam
1540 2448 1671 2514 h⁰¹¹⁰ff⁸
1704 2463 1816 2536 P⁰fiu⁸

482 2603 582 2651 causa
603 2583 802 2648 nominatum
825 2597 894 2644 esse
916 2585 1167 2644 consentaneum
1190 2581 1246 2644 est
1293 2573 1349 2635 sed
1371 2566 1446 2647 quin
1467 2552 1594 2620 minim
1615 2555 1687 2621 ⁰5³⁸
1709 2557 1812 2626 ΗΜ

482 2690 667 2776 perlegerit,
691 2688 839 2772 equidem
863 2707 925 2751 nou
951 2684 1076 2758 dubito.

574 2795 614 2860 de
638 2793 817 2861 Cornelio
844 2798 952 2857 autem
977 2791 1009 2857 N
1016 2799 1128 2876 epote
1151 2780 1329 2850 intricatior
1355 2774 1503 2858 quaestio
1534 2778 1592 2839 est.
1648 2772 1755 2840 deciae
1785 2774 1815 2840 is
1942 2798 1946 2804 ·

484 2900 615 2987 quidem
639 2901 672 2965 in
695 2900 788 2964 libris
811 2899 1036 2983 geographicis
1060 2892 1226 2960 laudatur:

574 3011 639 3090 3,4
667 3007 701 3075 T.
719 3005 824 3071 Liuius
844 3030 880 3071 nc
896 3004 997 3091 Nepos
1013 3000 1164 3069 Corrulius
1182 2991 1351 3059 latitudinis
1366 2989 1557 3056 tradiderunt
1571 2989 1671 3053 minue
1694 2979 1816 3074 VHp„

485 3117 538 3181 ιιιι·
559 3138 625 3180 uero
645 3114 821 3201 plurumum
845 3103 896 3177 X:
921 3114 1137 3193 fragmentum
1159 3109 1270 3189 postea
1293 3099 1452 3163 insertum
1474 3117 1543 3163 esse
1567 3116 1666 3180 quam
1689 3095 1818 3161 Plinius

485 3232 617 3291 auctore
640 3220 800 3287 Turranio
822 3221 911 3306 prius
935 3216 1138 3283 enuntiatum
1162 3208 1301 3292 scripsit,
1333 3204 1561 3290 comprobatur
1591 3203 1662 3286 ipsa
1691 3202 1818 3267 ratione

486 3329 704 3419 grammatica.

575 3458 648 3503 cum
671 3434 780 3500 eodem
812 3431 851 3499 Τ.
874 3431 969 3496 Livio
1000 3426 1189 3494 coniunctus
1221 3428 1271 3488 ιιι
1292 3417 1404 3504 Nepos
1432 3422 1462 3498 3,
1478 3418 1541 3485 132
1572 3413 1628 3479 uhi
1657 3412 1820 3478 artissime

486 3544 658 3610 cohaerent
680 3562 763 3626 quae
785 3539 826 3604 de
849 3536 1049 3619 longitudine
1073 3543 1105 3597 et
1127 3550 1212 3617 quae
1236 3529 1276 3594 de
1298 3523 1472 3592 latitudine
1490 3520 1626 3604 Alpium
1644 3517 1820 3583 adnectun-

488 3657 551 3717 tur.
597 3648 660 3716 hoc
681 3668 810 3734 quoque
833 3645 902 3710 loco
924 3650 1039 3727 postea
1062 3639 1210 3705 additum
1233 3656 1304 3701 esse
1326 3632 1544 3717 fragmentum
1564 3644 1602 3690 ιο
1618 3623 1821 3707 cognoscitur

488 3756 577 3843 quod
598 3778 662 3823 uon
684 3764 760 3840 post
781 3756 884 3838 ipsam
907 3749 1040 3834 Alpium
1065 3745 1314 3828 descriptionem
1337 3736 1564 3822 interpositum
1587 3737 1645 3810 est,
1670 3728 1727 3795 sed
1750 3734 1822 3794 tota

488 3867 589 3933 Italia
620 3885 692 3929 cum
721 3860 852 3928 Histria
881 3861 1092 3940 pertractata.
1138 3870 1244 3933 neque
1274 3867 1351 3914 sero
1382 3866 1423 3909 ex
1452 3843 1521 3926 ipso
1544 3837 1673 3921 Nepote
1696 3833 1821 3900 Plinius

488 3972 618 4038 videtur
642 3969 798 4035 hausisse.
843 3985 918 4028 nam
950 3960 1124 4045 corrigitur
1147 3957 1268 4041 Nepos,
1301 3954 1334 4019 id
1367 3949 1455 4035 quod
1483 3944 1601 4011 indicio
1631 3947 1690 4023 est,
1723 3940 1822 4006 alium

488 4076 651 4161 quendam
673 4073 871 4139 intercedere
895 4077 1067 4135 auctorem.

578 4185 648 4244 tum
673 4178 819 4259 carpitur
836 4174 945 4260 Nepos
968 4172 1055 4257 quod
1074 4170 1218 4235 Histriae
1241 4185 1354 4232 nomeu
1379 4160 1420 4227 ab
1436 4159 1552 4224 Histro
1576 4174 1669 4221 amne
1690 4151 1825 4219 deduxit

490 4281 645 4369 31275).
691 4280 808 4343 iterum
840 4287 950 4342 autem
982 4273 1164 4358 corrigitur,
1198 4291 1258 4337 nec
1287 4275 1397 4334 tamen
1429 4286 1520 4331 suam
1543 4260 1668 4326 Plinius
1700 4258 1825 4343 profert

490 4432 701 4453 ,,,,...-.---

600 4512 621 4582 ¹)
641 4510 785 4564 comment.
804 4504 966 4561 Mommsen.
987 4504 1056 4561 1877
1076 4522 1103 4573 p.
1123 4504 1166 4561 34.

600 4604 622 4671 ²)
640 4600 673 4656 de
689 4598 816 4668 Augusto
828 4593 917 4651 Plinii
935 4594 1178 4667 geographiccrum
1196 4592 1313 4646 auctore.
1350 4586 1417 4641 dise.
1436 4582 1549 4636 Bonnae
1568 4578 1638 4635 1888
1657 4580 1686 4631 et
1699 4575 1827 4647 Aps-ippa

491 4692 551 4751 und
568 4691 712 4763 Augustus
734 4687 777 4742 als
798 4683 1104 4758 Quelleuechriftsteller
1127 4681 1174 4737 dee
1191 4678 1304 4736 Plisticae
1324 4676 1357 4731 ιἰι
1379 4673 1431 4729 deu
1453 4666 1681 4742 geographischeu
1698 4664 1827 4720 Βιιιιιιιι

493 4784 543 4839 der
561 4779 708 4839 Naturalis
727 4776 866 4833 Historia.
903 4772 1004 4829 Jahrb.
1023 4772 1043 4828 i.
1061 4769 1162 4826 Philol.
1182 4767 1279 4837 Suppl.
1299 4764 1334 4820 17
1354 4760 1445 4833 (18911)
1464 4775 1492 4827 p.
1510 4754 1662 4811 473-526.

602 4872 623 4941 ι)
644 4868 731 4925 Beue.
749 4864 797 4921 Ill
818 4864 909 4936 (1883)
928 4881 955 4933 p.
974 4853 1001 4919 i.

601 4958 714 5031 ⁴)1890
732 4973 759 5027 p.
779 4956 840 5012 525.

603 5050 627 5121 Β)
645 5046 680 5103 ci.
699 5045 813 5100 Minuer
830 5041 849 5097 1.
867 5040 886 5103 1
904 5057 933 5110 p.
952 5039 1013 5095 334.
