4275 6025
991 719 1204 822 Aa-

431 934 598 1003 Palmaria
621 932 765 1015 Sinonia,
789 931 824 997 id
847 931 933 1015 quod
956 952 996 996 er
1018 930 1127 997 Plinio
1153 950 1219 997 non
1250 930 1456 1015 perspicitur.
1511 930 1567 995 sed
1599 931 1627 997 si
1659 931 1701 997 ab
1733 953 1772 998 eo

431 1041 577 1108 ordinem
593 1042 757 1107 inversum
773 1060 842 1106 esse
857 1037 1081 1121 descriptionis
1096 1042 1243 1103 tenemus
1252 1037 1289 1123 ¹),
1308 1037 1421 1103 statim
1436 1036 1543 1103 elucet
1556 1037 1636 1123 quid
1651 1039 1771 1105 erroris

431 1170 545 1215 ansam
568 1147 704 1218 dederit.
751 1152 821 1213 tum
845 1148 876 1227 3,
885 1147 928 1214 82
951 1146 984 1208 iu
999 1142 1166 1208 Pomcbno
1181 1193 1190 1210 .
1208 1193 1215 1210 .
1234 1193 1242 1209 .
1265 1144 1333 1207 6166
1348 1143 1536 1208 Pandataria
1551 1146 1615 1210 sita
1629 1165 1692 1212 nou
1709 1150 1768 1212 est.

433 1255 652 1339 intellegimus
676 1274 827 1335 errorem,
852 1252 880 1317 si
902 1257 1067 1317 auctorem
1091 1250 1190 1333 Plini,
1223 1272 1264 1317 66
1294 1251 1413 1316 iterum
1439 1250 1501 1318 sibi
1523 1251 1772 1335 digrediendum

432 1368 528 1442 esset,
544 1361 776 1427 Pandateriam
799 1380 864 1425 uua
887 1378 959 1425 oum
974 1355 1122 1424 Aenaria
1141 1363 1175 1423 et
1189 1357 1353 1443 Prochyta
1367 1359 1571 1425 coniunxisse
1586 1359 1769 1425 statuimus.

540 1469 571 1552 3,
584 1471 628 1537 83
644 1465 829 1533 Sardiniam
853 1486 984 1548 quoque
999 1484 1072 1530 cum
1088 1484 1164 1531 orae
1184 1464 1398 1549 descriptione
1414 1465 1576 1549 quondam
1592 1464 1772 1531 cohaesisse

431 1574 520 1641 haud
556 1575 623 1639 scio
656 1592 699 1638 66
733 1576 821 1637 recte
855 1570 1046 1638 concludam
1080 1592 1121 1636 ex
1153 1569 1276 1637 verbis:
1311 1581 1453 1656 eutropiae
1485 1580 1670 1656 conapcatum
1703 1590 1771 1654 666.

432 1679 609 1747 tenendum
633 1684 816 1744 astantem
839 1682 1004 1743 auctorem
1027 1676 1106 1742 litus
1121 1675 1237 1743 Italiae
1260 1676 1458 1743 occidentale
1480 1676 1529 1742 ita
1550 1676 1674 1761 legisse,
1698 1680 1771 1743 uta

431 1785 566 1852 meridie
589 1785 826 1870 septentriones
849 1805 960 1851 versus
983 1783 1247 1868 progrederetur.
1293 1805 1369 1849 nam
1385 1785 1412 1850 si
1428 1784 1625 1851 contrarium
1640 1804 1772 1850 cursum

431 1894 560 1978 egisset,
584 1890 766 1959 Sardiniam
789 1911 809 1955 a
829 1889 962 1957 Corsica
986 1876 1096 1957 divelli
1119 1890 1236 1957 mirum
1259 1898 1353 1958 esset.
1400 1892 1457 1957 sed
1480 1891 1520 1957 de
1543 1891 1605 1958 hac
1626 1912 1663 1957 re
1685 1889 1773 1956 infra

431 1998 682 2083 disputabimus.

542 2107 573 2187 3,
587 2107 629 2174 86
635 2125 683 2188 sq.
708 2125 729 2170 a
743 2102 852 2169 Plinio
869 2102 1003 2169 Aeolias
1026 2104 1150 2170 insulas
1172 2124 1194 2171 a
1210 2103 1339 2171 Siciliae
1354 2104 1570 2190 descriptione
1587 2109 1773 2189 segregatas

433 2230 503 2277 esse
527 2231 586 2277 cur
607 2210 758 2293 arbitrer,
784 2209 869 2275 inira
892 2208 1075 2293 elucebat.

542 2321 612 2382 tum
635 2319 667 2399 3,
681 2318 724 2387 96
751 2316 955 2382 vehementer
983 2314 1119 2382 offendit
1141 2313 1430 2399 Oehmicbenumt)
1457 2317 1661 2384 enuntiatum
1689 2315 1772 2381 illud

433 2424 607 2491 relativum
630 2445 695 2508 quo
718 2423 842 2490 insulae
865 2423 1025 2508 quaedam
1042 2428 1119 2489 aute
1134 2422 1273 2489 frontem
1290 2424 1408 2490 Italiae
1424 2424 1506 2490 sitae
1520 2443 1772 2490 commemoran-

433 2536 498 2595 tur.
544 2534 644 2613 atque
665 2528 700 2594 id
722 2529 861 2596 libenter
884 2530 914 2595 oi
937 2529 1077 2595 concedo
1099 2528 1283 2595 claudicare
1301 2529 1384 2596 illud
1405 2531 1619 2598 enuntiatum.
1662 2536 1771 2595 tamen

432 2637 508 2703 hinc
531 2657 596 2702 non
619 2637 775 2721 sequitur,
800 2642 837 2703 ut
860 2657 900 2702 ex
923 2637 988 2704 alio
1011 2638 1169 2720 scriptore
1192 2637 1341 2704 additum
1363 2639 1415 2708 sit.
1462 2637 1527 2704 alia
1547 2638 1631 2704 enim
1646 2636 1773 2703 ratione

433 2740 526 2809 nobis
549 2743 798 2809 incommoditas
821 2743 975 2809 solvenda
997 2744 1136 2812 videtur.
1183 2765 1258 2810 nam
1282 2746 1310 2810 si
1332 2745 1454 2811 insulas
1470 2764 1662 2830 unaquaque
1677 2750 1774 2829 parte

434 2848 661 2933 descriptionis
684 2855 819 2933 peracta
849 2853 1008 2914 tractatas
1041 2870 1112 2915 esse
1142 2850 1341 2934 respicimus,
1375 2856 1449 2935 post
1479 2850 1621 2917 frontem
1652 2850 1774 2916 Italiae

434 2956 633 3041 descriptum
666 2954 775 3021 Plinio
809 2954 971 3022 sistendus
1004 2955 1067 3022 init
1101 2957 1232 3042 gradus,
1266 2963 1306 3024 nt
1336 2957 1461 3024 insulae
1496 2963 1771 3026 enumerarentur.

433 3066 661 3145 μετονομασίαι
700 3069 808 3128 autem
845 3062 1026 3129 insularum
1063 3086 1127 3130 non
1164 3063 1360 3133 referuntur.
1419 3066 1505 3131 unde
1543 3065 1665 3149 optimo
1701 3064 1774 3130 iure

434 3169 670 3236 Kentenichius
693 3169 774 3235 baec
796 3170 881 3235 inter
903 3169 1086 3254 fragmenta
1107 3171 1195 3237 illius
1217 3172 1295 3259 περὶ
1312 3170 1415 3259 νήσων
1437 3171 1541 3238 libelli
1559 3193 1624 3238 non
1638 3172 1772 3257 recepit.

434 3275 644 3360 quamobrem
672 3274 849 3342 insularum
871 3278 906 3341 in
936 3279 1095 3362 periegesi
1124 3280 1319 3346 mentionem
1351 3300 1421 3346 esse
1449 3279 1569 3346 iactam
1600 3279 1680 3344 mihi
1710 3299 1773 3364 pro

435 3382 603 3472 explorato
626 3389 685 3452 est.
724 3381 940 3466 fragmentum
964 3389 1073 3451 autem
1089 3383 1259 3471 Agrippae
1282 3385 1369 3470 quod
1392 3391 1467 3452 ante
1483 3385 1606 3452 insulas
1622 3385 1771 3452 additum

431 3509 505 3556 esse
520 3489 759 3557 Oehmicbenus
777 3489 840 3556 sibi
854 3491 1025 3576 persuasit,
1049 3490 1145 3556 valde
1160 3490 1238 3556 mihi
1254 3490 1383 3558 videtur
1397 3511 1515 3560 errare.
1555 3498 1654 3575 atque
1669 3492 1773 3576 ipsius

435 3616 507 3663 eum
530 3596 608 3662 licet
630 3597 729 3662 armis
757 3598 951 3664 convincere.
997 3618 1072 3663 uam
1104 3598 1132 3662 si
1159 3598 1329 3684 Agrippae
1361 3597 1450 3664 locus
1482 3603 1559 3664 ante
1590 3598 1770 3665 insularum

435 3702 685 3788 descriptionem
708 3705 847 3789 scriptus
869 3704 994 3785 fuisset,
1018 3725 1077 3770 cur
1098 3706 1287 3789 pronomine
1308 3706 1373 3791 ipae
1388 3704 1515 3771 Plinius
1531 3711 1686 3785 uteretur,
1707 3726 1772 3771 non

431 3816 617 3896 appareret,
641 3829 738 3895 quem
760 3832 855 3878 usum
882 3812 952 3897 ipse
975 3809 1216 3878 Oehmicbenus
1247 3812 1368 3895 optime
1399 3813 1549 3895 exposuit
1578 3812 1600 3876 1.
1625 3811 1648 3880 l.
1671 3834 1702 3897 p.
1729 3816 1770 3880 11

434 3916 473 3982 of.
499 3920 530 3997 3.
544 3920 597 3988 85.
621 3921 654 4000 4,
667 3919 719 3988 60.
744 3921 787 3987 611
811 3917 854 3983 61.
901 3937 978 4002 ergo
1001 3916 1221 4000 fragmentum
1244 3918 1413 4003 Agrippae
1439 3923 1513 4002 post
1543 3917 1618 3984 illas
1649 3918 1788 3983 insulas*

433 4024 589 4090 insertum
617 4029 675 4093 est.
721 4023 798 4090 binc
825 4023 966 4090 eflicitur
993 4029 1030 4089 ut
1056 4024 1184 4090 insulae
1210 4023 1314 4090 eidem
1343 4025 1470 4090 auctori
1500 4025 1690 4112 debeantur,
1719 4023 1772 4089 cui

432 4130 616 4213 periegesis.
657 4131 744 4215 quod
761 4151 836 4196 vero
851 4130 1023 4196 molestum
1038 4152 1140 4214 genus
1155 4130 1282 4197 dicendi
1298 4131 1415 4212 evadit,
1428 4129 1539 4198 Plinio
1554 4131 1773 4197 tribuendum.

435 4256 535 4318 quam
549 4235 706 4319 plurimas
720 4257 784 4304 una
796 4236 837 4303 ab
849 4258 907 4302 ora
919 4236 1119 4321 digressione
1130 4237 1253 4304 insulas
1264 4239 1400 4304 tractari
1410 4259 1510 4324 supra
1521 4238 1771 4304 observavimus.

540 4343 689 4409 similiter
720 4349 751 4424 4,
770 4348 812 4414 52
844 4366 865 4411 6
889 4342 1049 4430 Oorcyrae
1079 4343 1294 4428 descriptione
1323 4343 1539 4430 proficiscitur
1570 4345 1698 4410 Plinius
1729 4343 1772 4409 ad

435 4445 566 4529 vicinas,
591 4454 624 4514 et
647 4469 702 4516 666
725 4471 809 4535 quae
832 4451 1068 4535 septentriones
1091 4451 1320 4536 favoniumque
1342 4473 1453 4518 versus
1476 4453 1559 4518 sitae
1578 4456 1654 4516 sunt
1669 4455 1703 4516 et
1717 4469 1773 4514 eas

436 4572 520 4636 quae
542 4555 711 4622 meridiem
735 4563 892 4642 spectant.
938 4559 1016 4625 item
1039 4558 1082 4624 ab
1105 4558 1328 4626 Echinadibus
1352 4564 1383 4640 4,
1401 4564 1444 4631 64
1468 4560 1610 4625 excurrit
1632 4558 1771 4635 Plinius,

433 4663 472 4725 ut
493 4657 604 4727 Ionias
634 4680 715 4746 quas
747 4685 805 4730 nos
827 4685 1015 4750 nuncupare
1038 4667 1271 4748 consuevimus,
1303 4667 1426 4734 insulas
1449 4672 1624 4734 enumeret.
1671 4663 1773 4731 Orata

434 4769 544 4832 autem
568 4773 600 4848 4.
612 4771 657 4838 68
680 4769 728 4835 116
750 4769 954 4854 describitur,
979 4777 1017 4838 ut
1039 4792 1128 4840 oram
1152 4772 1240 4858 apud
1255 4772 1397 4840 Maleam
1420 4773 1588 4857 relinquat
1603 4779 1716 4839 auctor
1739 4776 1775 4838 et

544 4927 564 4997 1)
583 4927 612 4982 id
631 4928 705 4996 quod
722 4927 796 4982 inira
814 4928 1001 4997 probabimus.

543 5015 565 5087 ⁸)
584 5016 620 5072 ol.
638 5033 665 5086 p.
685 5017 728 5074 96.

543 5105 565 5176 ³)
584 5103 660 5162 Plio.
679 5104 758 5164 sad.
777 5107 848 5164 1880
866 5123 894 5178 6.
913 5107 938 5163 9.
