<?xml version="1.0" encoding="UTF-8"?>
<!DOCTYPE html PUBLIC "-//W3C//DTD XHTML 1.0 Transitional//EN"
    "http://www.w3.org/TR/xhtml1/DTD/xhtml1-transitional.dtd">
<html xmlns="http://www.w3.org/1999/xhtml" xml:lang="en" lang="en">
 <head>
  <title>
</title>
<meta http-equiv="Content-Type" content="text/html;charset=utf-8" />
  <meta name='ocr-system' content='tesseract 3.04.00' />
  <meta name='ocr-capabilities' content='ocr_page ocr_carea ocr_par ocr_line ocrx_word'/>
</head>
<body>
  <div class='ocr_page' id='page_1' title='image "./quaestionesplin00klotgoog_0135.png"; bbox 0 0 4275 6025; ppageno 0'>
   <div class='ocr_carea' id='block_1_1' title="bbox 1022 725 1087 789">
    <p class='ocr_par' dir='ltr' id='par_1_1' title="bbox 1022 725 1087 789">
     <span class='ocr_line' id='line_1_1' title="bbox 1022 725 1087 789; baseline 0 -1"><span class='ocrx_word' id='word_1_1' title='bbox 1022 725 1087 789; x_wconf 82' lang='lat'><strong>125</strong></span> 
     </span>
    </p>
   </div>
   <div class='ocr_carea' id='block_1_2' title="bbox 385 933 1724 4864">
    <p class='ocr_par' dir='ltr' id='par_1_2' title="bbox 385 933 1723 1644">
     <span class='ocr_line' id='line_1_2' title="bbox 385 933 1721 1020; baseline -0.001 -16"><span class='ocrx_word' id='word_1_2' title='bbox 385 936 520 1005; x_wconf 87' lang='lat' dir='ltr'><strong>ltaliam</strong></span> <span class='ocrx_word' id='word_1_3' title='bbox 553 935 686 1002; x_wconf 79' lang='lat' dir='ltr'>seorsim</span> <span class='ocrx_word' id='word_1_4' title='bbox 717 939 924 1001; x_wconf 75' lang='lat' dir='ltr'><strong>tractaverat.</strong></span> <span class='ocrx_word' id='word_1_5' title='bbox 980 933 1190 1020; x_wconf 90' lang='lat' dir='ltr'><strong>quamobrem</strong></span> <span class='ocrx_word' id='word_1_6' title='bbox 1220 933 1415 1018; x_wconf 88' lang='lat' dir='ltr'><strong>ubicumque</strong></span> <span class='ocrx_word' id='word_1_7' title='bbox 1451 934 1486 1001; x_wconf 87' lang='lat' dir='ltr'><strong>in</strong></span> <span class='ocrx_word' id='word_1_8' title='bbox 1515 937 1721 1006; x_wconf 86' lang='lat' dir='ltr'><strong>enarrat-ione</strong></span> 
     </span>
     <span class='ocr_line' id='line_1_3' title="bbox 385 1038 1721 1129; baseline 0 -19"><span class='ocrx_word' id='word_1_9' title='bbox 385 1044 540 1129; x_wconf 81' lang='lat' dir='ltr'><strong>Europae</strong></span> <span class='ocrx_word' id='word_1_10' title='bbox 563 1064 654 1109; x_wconf 91' lang='lat' dir='ltr'><strong>error</strong></span> <span class='ocrx_word' id='word_1_11' title='bbox 676 1041 783 1107; x_wconf 88' lang='lat' dir='ltr'><strong>factus</strong></span> <span class='ocrx_word' id='word_1_12' title='bbox 806 1047 856 1107; x_wconf 90' lang='lat' dir='ltr'><strong>est</strong></span> <span class='ocrx_word' id='word_1_13' title='bbox 877 1044 1003 1107; x_wconf 88' lang='lat' dir='ltr'><strong>mutato</strong></span> <span class='ocrx_word' id='word_1_14' title='bbox 1018 1039 1142 1122; x_wconf 88' lang='lat' dir='ltr'><strong>ordine,</strong></span> <span class='ocrx_word' id='word_1_15' title='bbox 1167 1038 1329 1107; x_wconf 77' lang='lat' dir='ltr'><strong>Varronis</strong></span> <span class='ocrx_word' id='word_1_16' title='bbox 1352 1041 1487 1123; x_wconf 87' lang='lat' dir='ltr'><strong>vestigia</strong></span> <span class='ocrx_word' id='word_1_17' title='bbox 1507 1045 1721 1128; x_wconf 87' lang='lat' dir='ltr'><strong>agnoscimus.</strong></span> 
     </span>
     <span class='ocr_line' id='line_1_4' title="bbox 385 1146 1722 1235; baseline -0.001 -18"><span class='ocrx_word' id='word_1_18' title='bbox 385 1152 447 1218; x_wconf 95' lang='lat' dir='ltr'><strong>hoc</strong></span> <span class='ocrx_word' id='word_1_19' title='bbox 470 1151 592 1235; x_wconf 90' lang='lat' dir='ltr'><strong>optimo</strong></span> <span class='ocrx_word' id='word_1_20' title='bbox 614 1150 686 1215; x_wconf 89' lang='lat' dir='ltr'><strong>iure</strong></span> <span class='ocrx_word' id='word_1_21' title='bbox 708 1146 779 1214; x_wconf 88' lang='lat' dir='ltr'><strong>fieri</strong></span> <span class='ocrx_word' id='word_1_22' title='bbox 807 1168 845 1213; x_wconf 91' lang='lat' dir='ltr'><strong>eo</strong></span> <span class='ocrx_word' id='word_1_23' title='bbox 872 1148 1075 1232; x_wconf 89' lang='lat' dir='ltr'><strong>potissimum</strong></span> <span class='ocrx_word' id='word_1_24' title='bbox 1106 1146 1346 1232; x_wconf 87' lang='lat' dir='ltr'><strong>comprobatur,</strong></span> <span class='ocrx_word' id='word_1_25' title='bbox 1381 1148 1469 1232; x_wconf 88' lang='lat' dir='ltr'><strong>quod</strong></span> <span class='ocrx_word' id='word_1_26' title='bbox 1499 1149 1534 1214; x_wconf 93' lang='lat' dir='ltr'><strong>in</strong></span> <span class='ocrx_word' id='word_1_27' title='bbox 1561 1171 1610 1216; x_wconf 50' lang='lat' dir='ltr'><strong>ea*</strong></span> <span class='ocrx_word' id='word_1_28' title='bbox 1630 1157 1722 1233; x_wconf 89' lang='lat' dir='ltr'><strong>parte</strong></span> 
     </span>
     <span class='ocr_line' id='line_1_5' title="bbox 385 1252 1722 1342; baseline 0 -19"><span class='ocrx_word' id='word_1_29' title='bbox 385 1277 452 1342; x_wconf 89' lang='lat' dir='ltr'><strong>qua</strong></span> <span class='ocrx_word' id='word_1_30' title='bbox 467 1256 555 1323; x_wconf 91' lang='lat' dir='ltr'>Plini</span> <span class='ocrx_word' id='word_1_31' title='bbox 577 1255 657 1322; x_wconf 91' lang='lat' dir='ltr'><strong>ordo</strong></span> <span class='ocrx_word' id='word_1_32' title='bbox 680 1275 754 1320; x_wconf 92' lang='lat' dir='ltr'><strong>cum</strong></span> <span class='ocrx_word' id='word_1_33' title='bbox 770 1252 977 1323; x_wconf 87' lang='lat' dir='ltr'><strong>Varroniano</strong></span> <span class='ocrx_word' id='word_1_34' title='bbox 992 1254 1162 1336; x_wconf 88' lang='lat' dir='ltr'><strong>consentit,</strong></span> <span class='ocrx_word' id='word_1_35' title='bbox 1185 1254 1219 1319; x_wconf 94' lang='lat' dir='ltr'><strong>in</strong></span> <span class='ocrx_word' id='word_1_36' title='bbox 1233 1254 1320 1320; x_wconf 91' lang='lat' dir='ltr'><strong>huno</strong></span> <span class='ocrx_word' id='word_1_37' title='bbox 1341 1254 1474 1321; x_wconf 90' lang='lat' dir='ltr'><strong>modum</strong></span> <span class='ocrx_word' id='word_1_38' title='bbox 1489 1263 1633 1323; x_wconf 88' lang='lat' dir='ltr'><strong>erratum</strong></span> <span class='ocrx_word' id='word_1_39' title='bbox 1656 1277 1722 1323; x_wconf 92' lang='lat' dir='ltr'><strong>nou</strong></span> 
     </span>
     <span class='ocr_line' id='line_1_6' title="bbox 386 1360 1723 1447; baseline -0.001 -17"><span class='ocrx_word' id='word_1_40' title='bbox 386 1370 444 1446; x_wconf 91' lang='lat' dir='ltr'><strong>est,</strong></span> <span class='ocrx_word' id='word_1_41' title='bbox 470 1384 584 1447; x_wconf 85' lang='lat' dir='ltr'><strong>nempe</strong></span> <span class='ocrx_word' id='word_1_42' title='bbox 606 1361 649 1428; x_wconf 89' lang='lat' dir='ltr'><strong>ah</strong></span> <span class='ocrx_word' id='word_1_43' title='bbox 664 1361 774 1427; x_wconf 81' lang='lat' dir='ltr'><strong>Histri</strong></span> <span class='ocrx_word' id='word_1_44' title='bbox 796 1361 879 1427; x_wconf 93' lang='lat' dir='ltr'><strong>ostio</strong></span> <span class='ocrx_word' id='word_1_45' title='bbox 903 1382 1005 1445; x_wconf 89' lang='lat' dir='ltr'><strong>usque</strong></span> <span class='ocrx_word' id='word_1_46' title='bbox 1027 1360 1069 1427; x_wconf 87' lang='lat' dir='ltr'><strong>ad</strong></span> <span class='ocrx_word' id='word_1_47' title='bbox 1088 1360 1349 1447; x_wconf 82' lang='lat' dir='ltr'><strong>Hellespontum,</strong></span> <span class='ocrx_word' id='word_1_48' title='bbox 1375 1382 1439 1445; x_wconf 89' lang='lat' dir='ltr'><strong>quo</strong></span> <span class='ocrx_word' id='word_1_49' title='bbox 1461 1368 1572 1429; x_wconf 86' lang='lat' dir='ltr'><strong>tractu</strong></span> <span class='ocrx_word' id='word_1_50' title='bbox 1594 1363 1723 1429; x_wconf 82' lang='lat' dir='ltr'><strong>Plinius</strong></span> 
     </span>
     <span class='ocr_line' id='line_1_7' title="bbox 387 1466 1722 1555; baseline 0.001 -19"><span class='ocrx_word' id='word_1_51' title='bbox 387 1492 426 1536; x_wconf 90' lang='lat' dir='ltr'><strong>ne</strong></span> <span class='ocrx_word' id='word_1_52' title='bbox 456 1469 597 1555; x_wconf 81' lang='lat' dir='ltr'><strong>regionis</strong></span> <span class='ocrx_word' id='word_1_53' title='bbox 629 1470 697 1535; x_wconf 92' lang='lat' dir='ltr'><strong>eius</strong></span> <span class='ocrx_word' id='word_1_54' title='bbox 721 1469 893 1553; x_wconf 78' lang='lat' dir='ltr'><strong>descriptio</strong></span> <span class='ocrx_word' id='word_1_55' title='bbox 917 1466 1125 1536; x_wconf 88' lang='lat' dir='ltr'><strong>divelleretur</strong></span> <span class='ocrx_word' id='word_1_56' title='bbox 1134 1468 1169 1553; x_wconf 89' lang='lat'><strong>¹),</strong></span> <span class='ocrx_word' id='word_1_57' title='bbox 1198 1468 1342 1535; x_wconf 89' lang='lat' dir='ltr'><strong>ordinem</strong></span> <span class='ocrx_word' id='word_1_58' title='bbox 1368 1470 1529 1536; x_wconf 90' lang='lat' dir='ltr'><strong>diversum</strong></span> <span class='ocrx_word' id='word_1_59' title='bbox 1552 1492 1573 1536; x_wconf 91' lang='lat' dir='ltr'><strong>a</strong></span> <span class='ocrx_word' id='word_1_60' title='bbox 1594 1470 1722 1555; x_wconf 90' lang='lat' dir='ltr'><strong>reliquo</strong></span> 
     </span>
     <span class='ocr_line' id='line_1_8' title="bbox 387 1581 598 1644; baseline 0.005 -1"><span class='ocrx_word' id='word_1_61' title='bbox 387 1583 516 1643; x_wconf 90' lang='lat' dir='ltr'><strong>secutus</strong></span> <span class='ocrx_word' id='word_1_62' title='bbox 539 1581 598 1644; x_wconf 90' lang='lat' dir='ltr'><strong>est.</strong></span> 
     </span>
    </p>

    <p class='ocr_par' dir='ltr' id='par_1_3' title="bbox 386 1681 1724 2408">
     <span class='ocr_line' id='line_1_9' title="bbox 493 1681 1723 1769; baseline -0.002 -18"><span class='ocrx_word' id='word_1_63' title='bbox 493 1684 635 1751; x_wconf 91' lang='lat' dir='ltr'><strong>breviter</strong></span> <span class='ocrx_word' id='word_1_64' title='bbox 662 1684 766 1769; x_wconf 84' lang='lat' dir='ltr'><strong>igitur</strong></span> <span class='ocrx_word' id='word_1_65' title='bbox 796 1682 943 1768; x_wconf 87' lang='lat' dir='ltr'><strong>exempla</strong></span> <span class='ocrx_word' id='word_1_66' title='bbox 974 1703 1144 1768; x_wconf 90' lang='lat' dir='ltr'><strong>compono:</strong></span> <span class='ocrx_word' id='word_1_67' title='bbox 1176 1685 1246 1760; x_wconf 72' lang='lat' dir='ltr'><strong>at</strong></span> <span class='ocrx_word' id='word_1_68' title='bbox 1269 1682 1424 1769; x_wconf 90' lang='lat' dir='ltr'><strong>oppidum</strong></span> <span class='ocrx_word' id='word_1_69' title='bbox 1447 1681 1617 1751; x_wconf 83' lang='lat' dir='ltr'><strong>Ossonoba</strong></span> <span class='ocrx_word' id='word_1_70' title='bbox 1639 1682 1723 1750; x_wconf 85' lang='lat' dir='ltr'><strong>falso</strong></span> 
     </span>
     <span class='ocr_line' id='line_1_10' title="bbox 387 1788 1720 1875; baseline -0.001 -18"><span class='ocrx_word' id='word_1_71' title='bbox 387 1791 456 1858; x_wconf 92' lang='lat' dir='ltr'><strong>loco</strong></span> <span class='ocrx_word' id='word_1_72' title='bbox 472 1795 758 1872; x_wconf 89' lang='lat' dir='ltr'><strong>commemoratur;</strong></span> <span class='ocrx_word' id='word_1_73' title='bbox 783 1790 881 1856; x_wconf 91' lang='lat' dir='ltr'><strong>situm</strong></span> <span class='ocrx_word' id='word_1_74' title='bbox 899 1794 947 1856; x_wconf 90' lang='lat' dir='ltr'><strong>est</strong></span> <span class='ocrx_word' id='word_1_75' title='bbox 963 1790 1049 1856; x_wconf 91' lang='lat' dir='ltr'><strong>enim</strong></span> <span class='ocrx_word' id='word_1_76' title='bbox 1071 1790 1106 1856; x_wconf 92' lang='lat' dir='ltr'><strong>in</strong></span> <span class='ocrx_word' id='word_1_77' title='bbox 1121 1788 1300 1856; x_wconf 82' lang='lat' dir='ltr'><strong>Lusitania</strong></span> <span class='ocrx_word' id='word_1_78' title='bbox 1346 1790 1435 1875; x_wconf 86' lang='lat' dir='ltr'><strong>apud</strong></span> <span class='ocrx_word' id='word_1_79' title='bbox 1449 1789 1594 1856; x_wconf 90' lang='lat' dir='ltr'><strong>Plinium</strong></span> <span class='ocrx_word' id='word_1_80' title='bbox 1609 1796 1720 1856; x_wconf 91' lang='lat' dir='ltr'><strong>autem</strong></span> 
     </span>
     <span class='ocr_line' id='line_1_11' title="bbox 386 1896 1722 1983; baseline -0.001 -19"><span class='ocrx_word' id='word_1_81' title='bbox 386 1898 539 1965; x_wconf 85' lang='lat' dir='ltr'><strong>Baeticae</strong></span> <span class='ocrx_word' id='word_1_82' title='bbox 554 1896 758 1978; x_wconf 84' lang='lat' dir='ltr'><strong>adscribitur,</strong></span> <span class='ocrx_word' id='word_1_83' title='bbox 775 1896 855 1981; x_wconf 90' lang='lat' dir='ltr'><strong>ripis</strong></span> <span class='ocrx_word' id='word_1_84' title='bbox 867 1897 964 1964; x_wconf 86' lang='lat' dir='ltr'><strong>Anae</strong></span> <span class='ocrx_word' id='word_1_85' title='bbox 977 1896 1068 1963; x_wconf 89' lang='lat' dir='ltr'><strong>fluvii</strong></span> <span class='ocrx_word' id='word_1_86' title='bbox 1080 1898 1295 1964; x_wconf 88' lang='lat' dir='ltr'><strong>commutatis.</strong></span> <span class='ocrx_word' id='word_1_87' title='bbox 1324 1919 1465 1964; x_wconf 92' lang='lat' dir='ltr'><strong>errorem</strong></span> <span class='ocrx_word' id='word_1_88' title='bbox 1481 1918 1557 1964; x_wconf 90' lang='lat' dir='ltr'><strong>vero</strong></span> <span class='ocrx_word' id='word_1_89' title='bbox 1571 1899 1722 1983; x_wconf 86' lang='lat' dir='ltr'><strong>scriptori</strong></span> 
     </span>
     <span class='ocr_line' id='line_1_12' title="bbox 387 2001 1720 2087; baseline 0 -18"><span class='ocrx_word' id='word_1_90' title='bbox 387 2003 595 2071; x_wconf 89' lang='lat' dir='ltr'><strong>tribuendum</strong></span> <span class='ocrx_word' id='word_1_91' title='bbox 609 2023 689 2085; x_wconf 89' lang='lat' dir='ltr'><strong>esse,</strong></span> <span class='ocrx_word' id='word_1_92' title='bbox 713 2023 777 2068; x_wconf 92' lang='lat' dir='ltr'><strong>non</strong></span> <span class='ocrx_word' id='word_1_93' title='bbox 800 2002 942 2067; x_wconf 84' lang='lat' dir='ltr'><strong>librariis</strong></span> <span class='ocrx_word' id='word_1_94' title='bbox 958 2038 1001 2051; x_wconf 91' lang='lat'>-</span> <span class='ocrx_word' id='word_1_95' title='bbox 1017 2023 1094 2068; x_wconf 88' lang='lat' dir='ltr'><strong>nam</strong></span> <span class='ocrx_word' id='word_1_96' title='bbox 1115 2001 1211 2068; x_wconf 87' lang='lat' dir='ltr'><strong>facile</strong></span> <span class='ocrx_word' id='word_1_97' title='bbox 1225 2003 1299 2087; x_wconf 88' lang='lat' dir='ltr'><strong>quis</strong></span> <span class='ocrx_word' id='word_1_98' title='bbox 1314 2001 1464 2070; x_wconf 89' lang='lat' dir='ltr'><strong>Onoham</strong></span> <span class='ocrx_word' id='word_1_99' title='bbox 1479 2004 1655 2070; x_wconf 90' lang='lat' dir='ltr'><strong>coniecerit</strong></span> <span class='ocrx_word' id='word_1_100' title='bbox 1665 2042 1720 2086; x_wconf 91' lang='lat'><strong>-,</strong></span> 
     </span>
     <span class='ocr_line' id='line_1_13' title="bbox 387 2106 1721 2195; baseline 0.003 -18"><span class='ocrx_word' id='word_1_101' title='bbox 387 2132 426 2177; x_wconf 89' lang='lat' dir='ltr'><strong>eo</strong></span> <span class='ocrx_word' id='word_1_102' title='bbox 448 2116 585 2195; x_wconf 87' lang='lat' dir='ltr'><strong>apparet</strong></span> <span class='ocrx_word' id='word_1_103' title='bbox 607 2108 695 2194; x_wconf 87' lang='lat' dir='ltr'><strong>quod</strong></span> <span class='ocrx_word' id='word_1_104' title='bbox 717 2112 809 2190; x_wconf 90' lang='lat'><strong>3,10</strong></span> <span class='ocrx_word' id='word_1_105' title='bbox 833 2106 953 2175; x_wconf 89' lang='lat' dir='ltr'><strong>Onuba</strong></span> <span class='ocrx_word' id='word_1_106' title='bbox 974 2110 1170 2177; x_wconf 90' lang='lat' dir='ltr'><strong>nominatur.</strong></span> <span class='ocrx_word' id='word_1_107' title='bbox 1208 2110 1248 2175; x_wconf 93' lang='lat' dir='ltr'><strong>de</strong></span> <span class='ocrx_word' id='word_1_108' title='bbox 1270 2131 1307 2175; x_wconf 90' lang='lat' dir='ltr'><strong>re</strong></span> <span class='ocrx_word' id='word_1_109' title='bbox 1330 2110 1369 2181; x_wconf 88' lang='lat' dir='ltr'><strong>cf.</strong></span> <span class='ocrx_word' id='word_1_110' title='bbox 1386 2110 1472 2176; x_wconf 87' lang='lat' dir='ltr'><strong>Mela</strong></span> <span class='ocrx_word' id='word_1_111' title='bbox 1495 2113 1565 2191; x_wconf 69' lang='lat' dir='ltr'><strong>a?</strong></span> <span class='ocrx_word' id='word_1_112' title='bbox 1587 2109 1672 2180; x_wconf 86' lang='lat' dir='ltr'><strong>Ptol.</strong></span> <span class='ocrx_word' id='word_1_113' title='bbox 1689 2114 1721 2193; x_wconf 82' lang='lat'><strong>2,</strong></span> 
     </span>
     <span class='ocr_line' id='line_1_14' title="bbox 389 2216 1724 2300; baseline -0.001 -15"><span class='ocrx_word' id='word_1_114' title='bbox 389 2223 418 2299; x_wconf 81' lang='lat'><strong>5,</strong></span> <span class='ocrx_word' id='word_1_115' title='bbox 437 2218 466 2285; x_wconf 91' lang='lat'><strong>3.</strong></span> <span class='ocrx_word' id='word_1_116' title='bbox 514 2237 555 2280; x_wconf 84' lang='lat' dir='ltr'><strong>er</strong></span> <span class='ocrx_word' id='word_1_117' title='bbox 583 2216 645 2283; x_wconf 92' lang='lat' dir='ltr'><strong>hoc</strong></span> <span class='ocrx_word' id='word_1_118' title='bbox 674 2236 784 2283; x_wconf 88' lang='lat' dir='ltr'><strong>errore</strong></span> <span class='ocrx_word' id='word_1_119' title='bbox 814 2237 920 2282; x_wconf 90' lang='lat' dir='ltr'><strong>nonne</strong></span> <span class='ocrx_word' id='word_1_120' title='bbox 951 2217 1107 2300; x_wconf 90' lang='lat' dir='ltr'><strong>sequitur,</strong></span> <span class='ocrx_word' id='word_1_121' title='bbox 1139 2222 1177 2282; x_wconf 91' lang='lat' dir='ltr'><strong>ut</strong></span> <span class='ocrx_word' id='word_1_122' title='bbox 1199 2217 1233 2281; x_wconf 93' lang='lat' dir='ltr'><strong>in</strong></span> <span class='ocrx_word' id='word_1_123' title='bbox 1256 2216 1344 2282; x_wconf 91' lang='lat' dir='ltr'><strong>Plini</strong></span> <span class='ocrx_word' id='word_1_124' title='bbox 1366 2216 1464 2299; x_wconf 90' lang='lat' dir='ltr'><strong>fonte,</strong></span> <span class='ocrx_word' id='word_1_125' title='bbox 1495 2216 1664 2287; x_wconf 85' lang='lat' dir='ltr'><strong>Lusitania</strong></span> <span class='ocrx_word' id='word_1_126' title='bbox 1688 2225 1724 2284; x_wconf 92' lang='lat' dir='ltr'><strong>et</strong></span> 
     </span>
     <span class='ocr_line' id='line_1_15' title="bbox 388 2322 1543 2408; baseline 0.001 -20"><span class='ocrx_word' id='word_1_127' title='bbox 388 2324 519 2389; x_wconf 88' lang='lat' dir='ltr'><strong>Baetica</strong></span> <span class='ocrx_word' id='word_1_128' title='bbox 541 2322 664 2390; x_wconf 90' lang='lat' dir='ltr'><strong>simodo</strong></span> <span class='ocrx_word' id='word_1_129' title='bbox 687 2323 777 2389; x_wconf 85' lang='lat' dir='ltr'><strong>fuere</strong></span> <span class='ocrx_word' id='word_1_130' title='bbox 800 2324 983 2408; x_wconf 87' lang='lat' dir='ltr'><strong>discriptae,</strong></span> <span class='ocrx_word' id='word_1_131' title='bbox 1007 2344 1073 2389; x_wconf 92' lang='lat' dir='ltr'><strong>non</strong></span> <span class='ocrx_word' id='word_1_132' title='bbox 1096 2324 1240 2407; x_wconf 84' lang='lat' dir='ltr'><strong>graviter</strong></span> <span class='ocrx_word' id='word_1_133' title='bbox 1261 2325 1397 2389; x_wconf 89' lang='lat' dir='ltr'><strong>incisum</strong></span> <span class='ocrx_word' id='word_1_134' title='bbox 1421 2322 1543 2390; x_wconf 81' lang='lat' dir='ltr'><strong>fuerit?</strong></span> 
     </span>
    </p>

    <p class='ocr_par' dir='ltr' id='par_1_4' title="bbox 387 2428 1724 3580">
     <span class='ocr_line' id='line_1_16' title="bbox 494 2428 1720 2516; baseline 0.001 -22"><span class='ocrx_word' id='word_1_135' title='bbox 494 2428 612 2495; x_wconf 91' lang='lat' dir='ltr'><strong>deinde</strong></span> <span class='ocrx_word' id='word_1_136' title='bbox 636 2433 665 2512; x_wconf 92' lang='lat'><strong>3,</strong></span> <span class='ocrx_word' id='word_1_137' title='bbox 683 2435 704 2501; x_wconf 95' lang='grc'>8</span> <span class='ocrx_word' id='word_1_138' title='bbox 727 2430 770 2497; x_wconf 92' lang='lat' dir='ltr'><strong>ab</strong></span> <span class='ocrx_word' id='word_1_139' title='bbox 786 2429 864 2497; x_wconf 87' lang='lat' dir='ltr'><strong>Ana</strong></span> <span class='ocrx_word' id='word_1_140' title='bbox 879 2428 1009 2497; x_wconf 87' lang='lat' dir='ltr'><strong>Bastuli</strong></span> <span class='ocrx_word' id='word_1_141' title='bbox 1025 2430 1165 2496; x_wconf 76' lang='lat' dir='ltr'><strong>Turduli</strong></span> <span class='ocrx_word' id='word_1_142' title='bbox 1180 2430 1329 2497; x_wconf 89' lang='lat' dir='ltr'><strong>habitare</strong></span> <span class='ocrx_word' id='word_1_143' title='bbox 1344 2430 1507 2500; x_wconf 87' lang='lat' dir='ltr'><strong>dicuntur.</strong></span> <span class='ocrx_word' id='word_1_144' title='bbox 1541 2451 1720 2516; x_wconf 86' lang='lat' dir='ltr'><strong>perperam,</strong></span> 
     </span>
     <span class='ocr_line' id='line_1_17' title="bbox 388 2534 1724 2622; baseline 0.004 -23"><span class='ocrx_word' id='word_1_145' title='bbox 388 2556 464 2600; x_wconf 89' lang='lat' dir='ltr'><strong>nam</strong></span> <span class='ocrx_word' id='word_1_146' title='bbox 487 2537 619 2620; x_wconf 89' lang='lat' dir='ltr'><strong>propius</strong></span> <span class='ocrx_word' id='word_1_147' title='bbox 634 2535 854 2603; x_wconf 75' lang='lat' dir='ltr'><strong>Turdulorum</strong></span> <span class='ocrx_word' id='word_1_148' title='bbox 876 2536 968 2603; x_wconf 91' lang='lat' dir='ltr'><strong>sedes</strong></span> <span class='ocrx_word' id='word_1_149' title='bbox 984 2536 1103 2602; x_wconf 91' lang='lat' dir='ltr'><strong>absunt</strong></span> <span class='ocrx_word' id='word_1_150' title='bbox 1117 2535 1160 2601; x_wconf 85' lang='lat' dir='ltr'><strong>ab</strong></span> <span class='ocrx_word' id='word_1_151' title='bbox 1175 2557 1215 2603; x_wconf 87' lang='lat' dir='ltr'><strong>eo</strong></span> <span class='ocrx_word' id='word_1_152' title='bbox 1235 2534 1376 2603; x_wconf 88' lang='lat' dir='ltr'><strong>flumine.</strong></span> <span class='ocrx_word' id='word_1_153' title='bbox 1416 2537 1599 2606; x_wconf 92' lang='lat' dir='ltr'><strong>Varronem</strong></span> <span class='ocrx_word' id='word_1_154' title='bbox 1620 2536 1724 2622; x_wconf 77' lang='lat' dir='ltr'><strong>igitur</strong></span> 
     </span>
     <span class='ocr_line' id='line_1_18' title="bbox 388 2642 1721 2729; baseline 0.002 -23"><span class='ocrx_word' id='word_1_155' title='bbox 388 2643 466 2707; x_wconf 90' lang='lat' dir='ltr'><strong>haec</strong></span> <span class='ocrx_word' id='word_1_156' title='bbox 488 2642 557 2709; x_wconf 85' lang='lat' dir='ltr'><strong>iere</strong></span> <span class='ocrx_word' id='word_1_157' title='bbox 578 2642 698 2710; x_wconf 87' lang='lat' dir='ltr'><strong>dixisse</strong></span> <span class='ocrx_word' id='word_1_158' title='bbox 721 2664 850 2711; x_wconf 89' lang='lat' dir='ltr'><strong>censeo:</strong></span> <span class='ocrx_word' id='word_1_159' title='bbox 882 2643 1007 2707; x_wconf 79' lang='lat' dir='ltr'><strong>Bastuli</strong></span> <span class='ocrx_word' id='word_1_160' title='bbox 1036 2654 1063 2707; x_wconf 84' lang='lat' dir='ltr'><strong>ct</strong></span> <span class='ocrx_word' id='word_1_161' title='bbox 1095 2643 1225 2707; x_wconf 81' lang='lat' dir='ltr'><strong>Turduli</strong></span> <span class='ocrx_word' id='word_1_162' title='bbox 1251 2665 1343 2729; x_wconf 73' lang='lat' dir='ltr'><strong>usqsre</strong></span> <span class='ocrx_word' id='word_1_163' title='bbox 1374 2645 1416 2706; x_wconf 88' lang='lat' dir='ltr'><strong>cd</strong></span> <span class='ocrx_word' id='word_1_164' title='bbox 1446 2644 1550 2707; x_wconf 80' lang='lat' dir='ltr'><strong>Anam</strong></span> <span class='ocrx_word' id='word_1_165' title='bbox 1576 2644 1721 2709; x_wconf 81' lang='lat' dir='ltr'><strong>habitunt</strong></span> 
     </span>
     <span class='ocr_line' id='line_1_19' title="bbox 387 2748 1723 2836; baseline 0.003 -23"><span class='ocrx_word' id='word_1_166' title='bbox 387 2755 487 2832; x_wconf 88' lang='lat' dir='ltr'><strong>atque</strong></span> <span class='ocrx_word' id='word_1_167' title='bbox 509 2750 590 2817; x_wconf 90' lang='lat' dir='ltr'><strong>haec</strong></span> <span class='ocrx_word' id='word_1_168' title='bbox 610 2750 700 2836; x_wconf 87' lang='lat' dir='ltr'><strong>apud</strong></span> <span class='ocrx_word' id='word_1_169' title='bbox 723 2750 904 2819; x_wconf 87' lang='lat' dir='ltr'><strong>Varronem</strong></span> <span class='ocrx_word' id='word_1_170' title='bbox 927 2750 1049 2835; x_wconf 90' lang='lat' dir='ltr'><strong>scripta</strong></span> <span class='ocrx_word' id='word_1_171' title='bbox 1072 2770 1143 2816; x_wconf 91' lang='lat' dir='ltr'><strong>esse</strong></span> <span class='ocrx_word' id='word_1_172' title='bbox 1165 2749 1325 2831; x_wconf 90' lang='lat' dir='ltr'><strong>videntur,</strong></span> <span class='ocrx_word' id='word_1_173' title='bbox 1348 2756 1525 2834; x_wconf 90' lang='lat' dir='ltr'><strong>antequam</strong></span> <span class='ocrx_word' id='word_1_174' title='bbox 1547 2750 1589 2816; x_wconf 90' lang='lat' dir='ltr'><strong>ad</strong></span> <span class='ocrx_word' id='word_1_175' title='bbox 1612 2748 1723 2818; x_wconf 82' lang='lat' dir='ltr'><strong>Gades</strong></span> 
     </span>
     <span class='ocr_line' id='line_1_20' title="bbox 387 2855 1724 2940; baseline 0.003 -20"><span class='ocrx_word' id='word_1_176' title='bbox 387 2857 541 2939; x_wconf 89' lang='lat' dir='ltr'><strong>pervenit.</strong></span> <span class='ocrx_word' id='word_1_177' title='bbox 602 2857 729 2923; x_wconf 88' lang='lat' dir='ltr'><strong>Plinius</strong></span> <span class='ocrx_word' id='word_1_178' title='bbox 763 2864 872 2924; x_wconf 89' lang='lat' dir='ltr'><strong>autem</strong></span> <span class='ocrx_word' id='word_1_179' title='bbox 906 2858 1105 2924; x_wconf 77' lang='lat' dir='ltr'><strong>contrmium</strong></span> <span class='ocrx_word' id='word_1_180' title='bbox 1139 2855 1297 2926; x_wconf 86' lang='lat' dir='ltr'><strong>Varronis</strong></span> <span class='ocrx_word' id='word_1_181' title='bbox 1334 2858 1481 2923; x_wconf 89' lang='lat' dir='ltr'><strong>ordinem</strong></span> <span class='ocrx_word' id='word_1_182' title='bbox 1514 2856 1724 2940; x_wconf 80' lang='lat' dir='ltr'><strong>neglegenter</strong></span> 
     </span>
     <span class='ocr_line' id='line_1_21' title="bbox 387 2961 1720 3049; baseline 0.002 -22"><span class='ocrx_word' id='word_1_183' title='bbox 387 2961 535 3040; x_wconf 87' lang='lat' dir='ltr'><strong>retinuit;</strong></span> <span class='ocrx_word' id='word_1_184' title='bbox 558 2961 600 3031; x_wconf 88' lang='lat' dir='ltr'><strong>ci.</strong></span> <span class='ocrx_word' id='word_1_185' title='bbox 616 2962 705 3030; x_wconf 86' lang='lat' dir='ltr'><strong>Mela</strong></span> <span class='ocrx_word' id='word_1_186' title='bbox 720 2967 752 3043; x_wconf 90' lang='lat'><strong>3,</strong></span> <span class='ocrx_word' id='word_1_187' title='bbox 769 2966 799 3035; x_wconf 88' lang='grc'><strong>3.</strong></span> <span class='ocrx_word' id='word_1_188' title='bbox 845 2964 910 3030; x_wconf 88' lang='lat' dir='ltr'><strong>iam</strong></span> <span class='ocrx_word' id='word_1_189' title='bbox 932 2984 1008 3031; x_wconf 90' lang='lat' dir='ltr'><strong>vero</strong></span> <span class='ocrx_word' id='word_1_190' title='bbox 1032 2983 1072 3029; x_wconf 90' lang='lat' dir='ltr'><strong>ea</strong></span> <span class='ocrx_word' id='word_1_191' title='bbox 1094 2983 1179 3049; x_wconf 91' lang='lat' dir='ltr'><strong>quae</strong></span> <span class='ocrx_word' id='word_1_192' title='bbox 1195 2965 1226 3044; x_wconf 90' lang='lat'><strong>3,</strong></span> <span class='ocrx_word' id='word_1_193' title='bbox 1243 2966 1287 3034; x_wconf 89' lang='lat'><strong>30</strong></span> <span class='ocrx_word' id='word_1_194' title='bbox 1309 2962 1351 3030; x_wconf 87' lang='lat' dir='ltr'><strong>de</strong></span> <span class='ocrx_word' id='word_1_195' title='bbox 1368 2963 1509 3030; x_wconf 89' lang='lat' dir='ltr'><strong>metallis</strong></span> <span class='ocrx_word' id='word_1_196' title='bbox 1523 2962 1720 3044; x_wconf 83' lang='lat' dir='ltr'><strong>referuntur,</strong></span> 
     </span>
     <span class='ocr_line' id='line_1_22' title="bbox 387 3069 1723 3155; baseline 0.002 -22"><span class='ocrx_word' id='word_1_197' title='bbox 387 3074 457 3134; x_wconf 89' lang='lat' dir='ltr'><strong>tum</strong></span> <span class='ocrx_word' id='word_1_198' title='bbox 479 3071 567 3155; x_wconf 88' lang='lat' dir='ltr'><strong>apud</strong></span> <span class='ocrx_word' id='word_1_199' title='bbox 582 3071 704 3138; x_wconf 87' lang='lat' dir='ltr'><strong>Melam</strong></span> <span class='ocrx_word' id='word_1_200' title='bbox 726 3075 757 3153; x_wconf 83' lang='lat'><strong>2,</strong></span> <span class='ocrx_word' id='word_1_201' title='bbox 774 3073 817 3141; x_wconf 83' lang='lat'><strong>86</strong></span> <span class='ocrx_word' id='word_1_202' title='bbox 841 3077 911 3137; x_wconf 91' lang='lat' dir='ltr'><strong>tum</strong></span> <span class='ocrx_word' id='word_1_203' title='bbox 932 3069 1019 3155; x_wconf 88' lang='lat' dir='ltr'><strong>apud</strong></span> <span class='ocrx_word' id='word_1_204' title='bbox 1036 3069 1183 3137; x_wconf 86' lang='lat' dir='ltr'><strong>Solinum</strong></span> <span class='ocrx_word' id='word_1_205' title='bbox 1205 3073 1295 3153; x_wconf 84' lang='lat'><strong>23‚1</strong></span> <span class='ocrx_word' id='word_1_206' title='bbox 1319 3070 1413 3136; x_wconf 88' lang='lat' dir='ltr'><strong>initio</strong></span> <span class='ocrx_word' id='word_1_207' title='bbox 1428 3069 1653 3154; x_wconf 86' lang='lat' dir='ltr'><strong>descriptionis</strong></span> <span class='ocrx_word' id='word_1_208' title='bbox 1675 3071 1723 3136; x_wconf 91' lang='lat' dir='ltr'><strong>in·</strong></span> 
     </span>
     <span class='ocr_line' id='line_1_23' title="bbox 387 3175 1723 3262; baseline 0.003 -23"><span class='ocrx_word' id='word_1_209' title='bbox 387 3175 569 3243; x_wconf 86' lang='lat' dir='ltr'><strong>veniuntur.</strong></span> <span class='ocrx_word' id='word_1_210' title='bbox 615 3199 679 3262; x_wconf 93' lang='lat' dir='ltr'><strong>quo</strong></span> <span class='ocrx_word' id='word_1_211' title='bbox 711 3177 782 3244; x_wconf 90' lang='lat' dir='ltr'><strong>loco</strong></span> <span class='ocrx_word' id='word_1_212' title='bbox 811 3177 893 3244; x_wconf 86' lang='lat' dir='ltr'><strong>talia</strong></span> <span class='ocrx_word' id='word_1_213' title='bbox 923 3177 1076 3242; x_wconf 89' lang='lat' dir='ltr'><strong>collocari</strong></span> <span class='ocrx_word' id='word_1_214' title='bbox 1106 3177 1210 3243; x_wconf 88' lang='lat' dir='ltr'><strong>solent</strong></span> <span class='ocrx_word' id='word_1_215' title='bbox 1238 3175 1327 3261; x_wconf 89' lang='lat' dir='ltr'><strong>apud</strong></span> <span class='ocrx_word' id='word_1_216' title='bbox 1357 3176 1502 3245; x_wconf 90' lang='lat' dir='ltr'><strong>Plinium</strong></span> <span class='ocrx_word' id='word_1_217' title='bbox 1529 3197 1660 3261; x_wconf 86' lang='lat' dir='ltr'><strong>quoque</strong></span> <span class='ocrx_word' id='word_1_218' title='bbox 1683 3176 1723 3243; x_wconf 86' lang='lat' dir='ltr'><strong>of.</strong></span> 
     </span>
     <span class='ocr_line' id='line_1_24' title="bbox 388 3279 1724 3367; baseline 0.001 -17"><span class='ocrx_word' id='word_1_219' title='bbox 388 3283 419 3360; x_wconf 88' lang='grc'><strong>3,</strong></span> <span class='ocrx_word' id='word_1_220' title='bbox 437 3285 488 3352; x_wconf 87' lang='grc'><strong>31.</strong></span> <span class='ocrx_word' id='word_1_221' title='bbox 501 3286 599 3367; x_wconf 79' lang='lat' dir='ltr'><strong>lOsq.</strong></span> <span class='ocrx_word' id='word_1_222' title='bbox 644 3283 764 3349; x_wconf 89' lang='lat' dir='ltr'><strong>ibidem</strong></span> <span class='ocrx_word' id='word_1_223' title='bbox 797 3283 838 3350; x_wconf 91' lang='lat' dir='ltr'><strong>de</strong></span> <span class='ocrx_word' id='word_1_224' title='bbox 871 3281 1031 3367; x_wconf 87' lang='lat' dir='ltr'><strong>Pyrenaei</strong></span> <span class='ocrx_word' id='word_1_225' title='bbox 1064 3283 1297 3367; x_wconf 87' lang='lat' dir='ltr'><strong>promunturiis</strong></span> <span class='ocrx_word' id='word_1_226' title='bbox 1331 3282 1430 3349; x_wconf 90' lang='lat' dir='ltr'><strong>verba</strong></span> <span class='ocrx_word' id='word_1_227' title='bbox 1458 3281 1550 3349; x_wconf 86' lang='lat' dir='ltr'><strong>fiunt</strong></span> <span class='ocrx_word' id='word_1_228' title='bbox 1596 3289 1632 3350; x_wconf 91' lang='lat' dir='ltr'><strong>at</strong></span> <span class='ocrx_word' id='word_1_229' title='bbox 1657 3279 1724 3352; x_wconf 87' lang='lat' dir='ltr'><strong>iam</strong></span> 
     </span>
     <span class='ocr_line' id='line_1_25' title="bbox 388 3388 1724 3477; baseline 0.001 -23"><span class='ocrx_word' id='word_1_230' title='bbox 388 3392 419 3465; x_wconf 87' lang='lat'><strong>3,</strong></span> <span class='ocrx_word' id='word_1_231' title='bbox 437 3391 479 3457; x_wconf 82' lang='lat'><strong>22</strong></span> <span class='ocrx_word' id='word_1_232' title='bbox 502 3390 540 3453; x_wconf 84' lang='lat' dir='ltr'><strong>ab</strong></span> <span class='ocrx_word' id='word_1_233' title='bbox 562 3411 595 3454; x_wconf 83' lang='lat' dir='ltr'><strong>co</strong></span> <span class='ocrx_word' id='word_1_234' title='bbox 617 3388 764 3477; x_wconf 85' lang='lat' dir='ltr'><strong>(flumine</strong></span> <span class='ocrx_word' id='word_1_235' title='bbox 786 3389 914 3474; x_wconf 69' lang='lat' dir='ltr'><strong>Vicere)</strong></span> <span class='ocrx_word' id='word_1_236' title='bbox 938 3389 1095 3474; x_wconf 71' lang='lat' dir='ltr'><strong>Pyrenaea</strong></span> <span class='ocrx_word' id='word_1_237' title='bbox 1128 3388 1222 3454; x_wconf 81' lang='lat' dir='ltr'><strong>Venus</strong></span> <span class='ocrx_word' id='word_1_238' title='bbox 1248 3391 1282 3452; x_wconf 85' lang='lat' dir='ltr'><strong>iu</strong></span> <span class='ocrx_word' id='word_1_239' title='bbox 1304 3389 1396 3453; x_wconf 83' lang='lat' dir='ltr'><strong>latere</strong></span> <span class='ocrx_word' id='word_1_240' title='bbox 1416 3391 1611 3474; x_wconf 78' lang='lat' dir='ltr'><strong>promunturi</strong></span> <span class='ocrx_word' id='word_1_241' title='bbox 1631 3390 1724 3455; x_wconf 76' lang='lat' dir='ltr'><strong>altaro</strong></span> 
     </span>
     <span class='ocr_line' id='line_1_26' title="bbox 388 3485 1618 3580; baseline -0.002 -18"><span class='ocrx_word' id='word_1_242' title='bbox 388 3485 467 3562; x_wconf 64' lang='grc' dir='ltr'><strong>Χῖ</strong></span> <span class='ocrx_word' id='word_1_243' title='bbox 477 3501 594 3577; x_wconf 82' lang='lat' dir='ltr'><strong>exstat,</strong></span> <span class='ocrx_word' id='word_1_244' title='bbox 618 3495 674 3563; x_wconf 92' lang='lat' dir='ltr'><strong>ubi</strong></span> <span class='ocrx_word' id='word_1_245' title='bbox 696 3496 839 3564; x_wconf 89' lang='lat' dir='ltr'><strong>nescitur</strong></span> <span class='ocrx_word' id='word_1_246' title='bbox 862 3494 950 3579; x_wconf 91' lang='lat' dir='ltr'><strong>quod</strong></span> <span class='ocrx_word' id='word_1_247' title='bbox 971 3495 1233 3580; x_wconf 90' lang='lat' dir='ltr'><strong>promunturium</strong></span> <span class='ocrx_word' id='word_1_248' title='bbox 1254 3495 1392 3562; x_wconf 90' lang='lat' dir='ltr'><strong>dicatur.</strong></span> <span class='ocrx_word' id='word_1_249' title='bbox 1442 3543 1447 3552; x_wconf 79' lang='grc'>.</span> <span class='ocrx_word' id='word_1_250' title='bbox 1614 3555 1618 3560; x_wconf 82' lang='grc'>.</span> 
     </span>
    </p>

    <p class='ocr_par' dir='ltr' id='par_1_5' title="bbox 387 3600 1724 4864">
     <span class='ocr_line' id='line_1_27' title="bbox 502 3600 1724 3686; baseline 0 -18"><span class='ocrx_word' id='word_1_251' title='bbox 502 3604 536 3668; x_wconf 91' lang='lat' dir='ltr'><strong>in</strong></span> <span class='ocrx_word' id='word_1_252' title='bbox 558 3601 660 3668; x_wconf 86' lang='lat' dir='ltr'><strong>ltalia</strong></span> <span class='ocrx_word' id='word_1_253' title='bbox 682 3623 811 3686; x_wconf 92' lang='lat' dir='ltr'><strong>quoque</strong></span> <span class='ocrx_word' id='word_1_254' title='bbox 834 3601 898 3667; x_wconf 90' lang='lat' dir='ltr'><strong>alio</strong></span> <span class='ocrx_word' id='word_1_255' title='bbox 913 3608 1013 3685; x_wconf 84' lang='lat' dir='ltr'><strong>atque</strong></span> <span class='ocrx_word' id='word_1_256' title='bbox 1028 3601 1210 3670; x_wconf 91' lang='lat' dir='ltr'><strong>Varronem</strong></span> <span class='ocrx_word' id='word_1_257' title='bbox 1226 3601 1369 3668; x_wconf 88' lang='lat' dir='ltr'><strong>Plinium</strong></span> <span class='ocrx_word' id='word_1_258' title='bbox 1383 3606 1493 3668; x_wconf 85' lang='lat' dir='ltr'><strong>tractu</strong></span> <span class='ocrx_word' id='word_1_259' title='bbox 1508 3623 1599 3671; x_wconf 92' lang='lat' dir='ltr'><strong>oram</strong></span> <span class='ocrx_word' id='word_1_260' title='bbox 1614 3600 1724 3686; x_wconf 79' lang='lat' dir='ltr'><strong>legere</strong></span> 
     </span>
     <span class='ocr_line' id='line_1_28' title="bbox 388 3706 1723 3794; baseline -0.004 -17"><span class='ocrx_word' id='word_1_261' title='bbox 388 3713 455 3778; x_wconf 92' lang='lat' dir='ltr'><strong>iam</strong></span> <span class='ocrx_word' id='word_1_262' title='bbox 470 3708 707 3779; x_wconf 92' lang='lat' dir='ltr'><strong>Oehmichenus</strong></span> <span class='ocrx_word' id='word_1_263' title='bbox 730 3714 824 3774; x_wconf 89' lang='lat' dir='ltr'><strong>acute</strong></span> <span class='ocrx_word' id='word_1_264' title='bbox 838 3708 1004 3794; x_wconf 84' lang='lat' dir='ltr'><strong>perspexit</strong></span> <span class='ocrx_word' id='word_1_265' title='bbox 1013 3709 1052 3794; x_wconf 75' lang='lat'><strong>²).</strong></span> <span class='ocrx_word' id='word_1_266' title='bbox 1086 3730 1163 3774; x_wconf 89' lang='lat' dir='ltr'><strong>nam</strong></span> <span class='ocrx_word' id='word_1_267' title='bbox 1185 3711 1217 3788; x_wconf 89' lang='lat'><strong>3,</strong></span> <span class='ocrx_word' id='word_1_268' title='bbox 1228 3713 1272 3780; x_wconf 77' lang='lat'><strong>70</strong></span> <span class='ocrx_word' id='word_1_269' title='bbox 1293 3730 1463 3794; x_wconf 89' lang='lat' dir='ltr'><strong>perperam</strong></span> <span class='ocrx_word' id='word_1_270' title='bbox 1477 3706 1618 3773; x_wconf 82' lang='lat' dir='ltr'><strong>Plinius:</strong></span> <span class='ocrx_word' id='word_1_271' title='bbox 1642 3709 1723 3771; x_wconf 80' lang='lat' dir='ltr'><strong>intur</strong></span> 
     </span>
     <span class='ocr_line' id='line_1_29' title="bbox 387 3814 1722 3905; baseline 0.001 -26"><span class='ocrx_word' id='word_1_272' title='bbox 387 3818 534 3903; x_wconf 85' lang='lat' dir='ltr'><strong>oppidum</strong></span> <span class='ocrx_word' id='word_1_273' title='bbox 556 3814 686 3892; x_wconf 73' lang='lat' dir='ltr'><strong>Seleuci,</strong></span> <span class='ocrx_word' id='word_1_274' title='bbox 709 3819 855 3884; x_wconf 65' lang='lat' dir='ltr'><strong>Phanio.</strong></span> <span class='ocrx_word' id='word_1_275' title='bbox 894 3819 928 3885; x_wconf 90' lang='lat' dir='ltr'><strong>in</strong></span> <span class='ocrx_word' id='word_1_276' title='bbox 950 3818 1040 3885; x_wconf 86' lang='lat' dir='ltr'><strong>fonte</strong></span> <span class='ocrx_word' id='word_1_277' title='bbox 1062 3820 1213 3885; x_wconf 91' lang='lat' dir='ltr'><strong>nimirum</strong></span> <span class='ocrx_word' id='word_1_278' title='bbox 1236 3818 1442 3905; x_wconf 84' lang='lat' dir='ltr'><strong>legebantur:</strong></span> <span class='ocrx_word' id='word_1_279' title='bbox 1471 3821 1551 3882; x_wconf 84' lang='lat' dir='ltr'><strong>intur</strong></span> <span class='ocrx_word' id='word_1_280' title='bbox 1572 3817 1722 3900; x_wconf 75' lang='lat' dir='ltr'><strong>Picentia,</strong></span> 
     </span>
     <span class='ocr_line' id='line_1_30' title="bbox 389 3920 1724 4009; baseline 0.001 -23"><span class='ocrx_word' id='word_1_281' title='bbox 389 3925 536 4009; x_wconf 79' lang='lat' dir='ltr'><strong>oppidum</strong></span> <span class='ocrx_word' id='word_1_282' title='bbox 553 3920 682 3993; x_wconf 73' lang='lat' dir='ltr'><strong>Salerni.</strong></span> <span class='ocrx_word' id='word_1_283' title='bbox 721 3945 786 4009; x_wconf 92' lang='lat' dir='ltr'><strong>quo</strong></span> <span class='ocrx_word' id='word_1_284' title='bbox 809 3924 931 3992; x_wconf 85' lang='lat' dir='ltr'><strong>fectum</strong></span> <span class='ocrx_word' id='word_1_285' title='bbox 954 3931 1004 3992; x_wconf 93' lang='lat' dir='ltr'><strong>est</strong></span> <span class='ocrx_word' id='word_1_286' title='bbox 1026 3931 1065 3992; x_wconf 87' lang='lat' dir='ltr'><strong>ut</strong></span> <span class='ocrx_word' id='word_1_287' title='bbox 1087 3924 1276 3992; x_wconf 81' lang='lat' dir='ltr'><strong>adverbium</strong></span> <span class='ocrx_word' id='word_1_288' title='bbox 1290 3924 1371 3991; x_wconf 81' lang='lat' dir='ltr'><strong>falso</strong></span> <span class='ocrx_word' id='word_1_289' title='bbox 1387 3925 1514 3990; x_wconf 91' lang='lat' dir='ltr'><strong>Plinius</strong></span> <span class='ocrx_word' id='word_1_290' title='bbox 1536 3924 1578 3989; x_wconf 91' lang='lat' dir='ltr'><strong>ad</strong></span> <span class='ocrx_word' id='word_1_291' title='bbox 1597 3930 1724 3990; x_wconf 91' lang='lat' dir='ltr'><strong>utrum-</strong></span> 
     </span>
     <span class='ocr_line' id='line_1_31' title="bbox 389 4029 1723 4117; baseline -0.001 -21"><span class='ocrx_word' id='word_1_292' title='bbox 389 4049 453 4114; x_wconf 90' lang='lat' dir='ltr'><strong>que</strong></span> <span class='ocrx_word' id='word_1_293' title='bbox 474 4050 590 4096; x_wconf 90' lang='lat' dir='ltr'><strong>nomeu</strong></span> <span class='ocrx_word' id='word_1_294' title='bbox 614 4029 759 4097; x_wconf 86' lang='lat' dir='ltr'><strong>referret.</strong></span> <span class='ocrx_word' id='word_1_295' title='bbox 806 4030 893 4097; x_wconf 91' lang='lat' dir='ltr'><strong>uude</strong></span> <span class='ocrx_word' id='word_1_296' title='bbox 914 4032 1121 4117; x_wconf 80' lang='lat' dir='ltr'><strong>cognoscitur</strong></span> <span class='ocrx_word' id='word_1_297' title='bbox 1143 4031 1177 4095; x_wconf 92' lang='lat' dir='ltr'><strong>in</strong></span> <span class='ocrx_word' id='word_1_298' title='bbox 1199 4030 1386 4096; x_wconf 89' lang='lat' dir='ltr'><strong>universum</strong></span> <span class='ocrx_word' id='word_1_299' title='bbox 1412 4051 1477 4094; x_wconf 92' lang='lat' dir='ltr'><strong>non</strong></span> <span class='ocrx_word' id='word_1_300' title='bbox 1505 4029 1723 4114; x_wconf 85' lang='lat' dir='ltr'><strong>loquaciorem</strong></span> 
     </span>
     <span class='ocr_line' id='line_1_32' title="bbox 389 4134 1723 4223; baseline 0 -23"><span class='ocrx_word' id='word_1_301' title='bbox 389 4135 488 4202; x_wconf 83' lang='lat' dir='ltr'><strong>luisse</strong></span> <span class='ocrx_word' id='word_1_302' title='bbox 512 4136 781 4221; x_wconf 84' lang='lat' dir='ltr'><strong>chorographiam</strong></span> <span class='ocrx_word' id='word_1_303' title='bbox 803 4136 963 4206; x_wconf 87' lang='lat' dir='ltr'><strong>Varronis</strong></span> <span class='ocrx_word' id='word_1_304' title='bbox 986 4159 1086 4223; x_wconf 91' lang='lat' dir='ltr'><strong>quam</strong></span> <span class='ocrx_word' id='word_1_305' title='bbox 1100 4136 1295 4205; x_wconf 89' lang='lat' dir='ltr'><strong>Plinianam.</strong></span> <span class='ocrx_word' id='word_1_306' title='bbox 1334 4134 1392 4200; x_wconf 89' lang='lat' dir='ltr'><strong>sed</strong></span> <span class='ocrx_word' id='word_1_307' title='bbox 1407 4135 1505 4201; x_wconf 88' lang='lat' dir='ltr'><strong>etiam</strong></span> <span class='ocrx_word' id='word_1_308' title='bbox 1520 4140 1723 4219; x_wconf 88' lang='lat' dir='ltr'><strong>quantopere</strong></span> 
     </span>
     <span class='ocr_line' id='line_1_33' title="bbox 388 4241 1724 4330; baseline 0.004 -23"><span class='ocrx_word' id='word_1_309' title='bbox 388 4241 481 4308; x_wconf 89' lang='lat' dir='ltr'><strong>libris</strong></span> <span class='ocrx_word' id='word_1_310' title='bbox 503 4243 628 4308; x_wconf 89' lang='lat' dir='ltr'><strong>nitatur</strong></span> <span class='ocrx_word' id='word_1_311' title='bbox 650 4242 739 4310; x_wconf 90' lang='lat' dir='ltr'><strong>Plini</strong></span> <span class='ocrx_word' id='word_1_312' title='bbox 761 4244 919 4329; x_wconf 90' lang='lat' dir='ltr'><strong>doctrina,</strong></span> <span class='ocrx_word' id='word_1_313' title='bbox 948 4246 1119 4330; x_wconf 88' lang='lat' dir='ltr'><strong>perspicue</strong></span> <span class='ocrx_word' id='word_1_314' title='bbox 1141 4249 1288 4329; x_wconf 88' lang='lat' dir='ltr'><strong>apparet.</strong></span> <span class='ocrx_word' id='word_1_315' title='bbox 1333 4264 1434 4308; x_wconf 89' lang='lat' dir='ltr'><strong>unum</strong></span> <span class='ocrx_word' id='word_1_316' title='bbox 1465 4260 1607 4307; x_wconf 91' lang='lat' dir='ltr'><strong>errorem</strong></span> <span class='ocrx_word' id='word_1_317' title='bbox 1634 4244 1665 4322; x_wconf 89' lang='lat'><strong>3,</strong></span> <span class='ocrx_word' id='word_1_318' title='bbox 1678 4244 1724 4311; x_wconf 81' lang='lat'><strong>70</strong></span> 
     </span>
     <span class='ocr_line' id='line_1_34' title="bbox 389 4347 1724 4434; baseline 0 -20"><span class='ocrx_word' id='word_1_319' title='bbox 389 4349 513 4416; x_wconf 84' lang='lat' dir='ltr'><strong>detexit</strong></span> <span class='ocrx_word' id='word_1_320' title='bbox 535 4347 781 4432; x_wconf 89' lang='lat' dir='ltr'><strong>Oehmichenus,</strong></span> <span class='ocrx_word' id='word_1_321' title='bbox 814 4351 952 4419; x_wconf 87' lang='lat' dir='ltr'><strong>alterurn</strong></span> <span class='ocrx_word' id='word_1_322' title='bbox 974 4353 1083 4419; x_wconf 92' lang='lat' dir='ltr'><strong>omisit</strong></span> <span class='ocrx_word' id='word_1_323' title='bbox 1104 4371 1164 4417; x_wconf 91' lang='lat' dir='ltr'><strong>nec</strong></span> <span class='ocrx_word' id='word_1_324' title='bbox 1190 4357 1299 4417; x_wconf 85' lang='lat' dir='ltr'><strong>tamen</strong></span> <span class='ocrx_word' id='word_1_325' title='bbox 1326 4351 1433 4415; x_wconf 89' lang='lat' dir='ltr'><strong>miuus</strong></span> <span class='ocrx_word' id='word_1_326' title='bbox 1463 4354 1623 4434; x_wconf 88' lang='lat' dir='ltr'><strong>apertum.</strong></span> <span class='ocrx_word' id='word_1_327' title='bbox 1667 4348 1724 4415; x_wconf 92' lang='lat' dir='ltr'><strong>Iu·</strong></span> 
     </span>
     <span class='ocr_line' id='line_1_35' title="bbox 389 4453 1724 4542; baseline 0 -22"><span class='ocrx_word' id='word_1_328' title='bbox 389 4455 482 4521; x_wconf 90' lang='lat' dir='ltr'><strong>nonis</strong></span> <span class='ocrx_word' id='word_1_329' title='bbox 505 4455 591 4522; x_wconf 88' lang='lat' dir='ltr'><strong>enim</strong></span> <span class='ocrx_word' id='word_1_330' title='bbox 612 4457 755 4542; x_wconf 81' lang='lat' dir='ltr'><strong>Argivae</strong></span> <span class='ocrx_word' id='word_1_331' title='bbox 778 4457 935 4542; x_wconf 91' lang='lat' dir='ltr'><strong>templum</strong></span> <span class='ocrx_word' id='word_1_332' title='bbox 963 4457 1005 4524; x_wconf 93' lang='lat' dir='ltr'><strong>ab</strong></span> <span class='ocrx_word' id='word_1_333' title='bbox 1028 4456 1148 4524; x_wconf 87' lang='lat' dir='ltr'><strong>Iasone</strong></span> <span class='ocrx_word' id='word_1_334' title='bbox 1170 4455 1334 4522; x_wconf 92' lang='lat' dir='ltr'><strong>conditum</strong></span> <span class='ocrx_word' id='word_1_335' title='bbox 1366 4461 1443 4520; x_wconf 91' lang='lat' dir='ltr'><strong>ante</strong></span> <span class='ocrx_word' id='word_1_336' title='bbox 1465 4453 1605 4522; x_wconf 86' lang='lat' dir='ltr'><strong>Silerum</strong></span> <span class='ocrx_word' id='word_1_337' title='bbox 1635 4475 1724 4520; x_wconf 90' lang='lat' dir='ltr'><strong>com·</strong></span> 
     </span>
     <span class='ocr_line' id='line_1_36' title="bbox 389 4558 1724 4649; baseline -0.004 -19"><span class='ocrx_word' id='word_1_338' title='bbox 389 4569 595 4632; x_wconf 89' lang='lat' dir='ltr'><strong>memoratur.</strong></span> <span class='ocrx_word' id='word_1_339' title='bbox 647 4568 681 4632; x_wconf 89' lang='lat' dir='ltr'><strong>at</strong></span> <span class='ocrx_word' id='word_1_340' title='bbox 707 4564 918 4630; x_wconf 90' lang='lat' dir='ltr'><strong>meridianam</strong></span> <span class='ocrx_word' id='word_1_341' title='bbox 947 4565 1052 4649; x_wconf 90' lang='lat' dir='ltr'><strong>ripam</strong></span> <span class='ocrx_word' id='word_1_342' title='bbox 1083 4583 1257 4648; x_wconf 87' lang='lat' dir='ltr'><strong>occupasse</strong></span> <span class='ocrx_word' id='word_1_343' title='bbox 1286 4560 1324 4629; x_wconf 84' lang='lat' dir='ltr'><strong>rb</strong></span> <span class='ocrx_word' id='word_1_344' title='bbox 1351 4565 1409 4648; x_wconf 75' lang='grc' dir='ltr'><strong>τῆς</strong></span> <span class='ocrx_word' id='word_1_345' title='bbox 1424 4558 1526 4648; x_wconf 83' lang='grc' dir='ltr'><strong><em>Ἥρας</em></strong></span> <span class='ocrx_word' id='word_1_346' title='bbox 1555 4558 1639 4646; x_wconf 62' lang='grc' dir='ltr'><strong><em>ἱερὸν</em></strong></span> <span class='ocrx_word' id='word_1_347' title='bbox 1666 4559 1724 4648; x_wconf 65' lang='grc' dir='ltr'><strong>τῆς</strong></span> 
     </span>
     <span class='ocr_line' id='line_1_37' title="bbox 388 4662 1724 4758; baseline -0.001 -24"><span class='ocrx_word' id='word_1_348' title='bbox 388 4663 530 4758; x_wconf 81' lang='grc' dir='ltr'><em>Ἀργῴας</em></span> <span class='ocrx_word' id='word_1_349' title='bbox 552 4669 673 4738; x_wconf 86' lang='lat' dir='ltr'><strong>Strabo</strong></span> <span class='ocrx_word' id='word_1_350' title='bbox 696 4672 763 4740; x_wconf 79' lang='lat'><strong>252</strong></span> <span class='ocrx_word' id='word_1_351' title='bbox 784 4675 935 4737; x_wconf 87' lang='lat' dir='ltr'><strong>testatur.</strong></span> <span class='ocrx_word' id='word_1_352' title='bbox 980 4668 1069 4753; x_wconf 84' lang='lat' dir='ltr'><strong>quod</strong></span> <span class='ocrx_word' id='word_1_353' title='bbox 1090 4666 1180 4734; x_wconf 88' lang='lat' dir='ltr'><strong>aliud</strong></span> <span class='ocrx_word' id='word_1_354' title='bbox 1203 4667 1360 4752; x_wconf 85' lang='lat' dir='ltr'><strong>templum</strong></span> <span class='ocrx_word' id='word_1_355' title='bbox 1382 4687 1452 4734; x_wconf 90' lang='lat' dir='ltr'><strong>esee</strong></span> <span class='ocrx_word' id='word_1_356' title='bbox 1460 4666 1500 4750; x_wconf 84' lang='lat'><strong>⁸),</strong></span> <span class='ocrx_word' id='word_1_357' title='bbox 1524 4687 1620 4751; x_wconf 85' lang='lat' dir='ltr'><strong>aegre</strong></span> <span class='ocrx_word' id='word_1_358' title='bbox 1642 4662 1724 4733; x_wconf 92' lang='lat' dir='ltr'><strong>mihi</strong></span> 
     </span>
     <span class='ocr_line' id='line_1_38' title="bbox 388 4773 1723 4864; baseline -0.003 -20"><span class='ocrx_word' id='word_1_359' title='bbox 388 4778 579 4863; x_wconf 89' lang='lat' dir='ltr'><strong>persuadeo.</strong></span> <span class='ocrx_word' id='word_1_360' title='bbox 640 4777 806 4864; x_wconf 89' lang='lat' dir='ltr'><strong>epitheton</strong></span> <span class='ocrx_word' id='word_1_361' title='bbox 833 4782 942 4844; x_wconf 90' lang='lat' dir='ltr'><strong>autem</strong></span> <span class='ocrx_word' id='word_1_362' title='bbox 974 4777 1042 4843; x_wconf 88' lang='lat' dir='ltr'><strong>sive</strong></span> <span class='ocrx_word' id='word_1_363' title='bbox 1064 4775 1152 4840; x_wconf 91' lang='lat' dir='ltr'><strong>Plini</strong></span> <span class='ocrx_word' id='word_1_364' title='bbox 1178 4775 1244 4841; x_wconf 90' lang='lat' dir='ltr'><strong>sive</strong></span> <span class='ocrx_word' id='word_1_365' title='bbox 1267 4773 1428 4844; x_wconf 89' lang='lat' dir='ltr'><strong>Varronis</strong></span> <span class='ocrx_word' id='word_1_366' title='bbox 1460 4773 1557 4859; x_wconf 90' lang='lat' dir='ltr'><strong>culpa</strong></span> <span class='ocrx_word' id='word_1_367' title='bbox 1587 4812 1631 4822; x_wconf 98' lang='lat'><strong>—</strong></span> <span class='ocrx_word' id='word_1_368' title='bbox 1664 4773 1723 4840; x_wconf 90' lang='lat' dir='ltr'><strong>sed</strong></span> 
     </span>
    </p>
   </div>
   <div class='ocr_carea' id='block_1_3' title="bbox 388 4904 601 4915">
    <p class='ocr_par' dir='ltr' id='par_1_6' title="bbox 388 4904 601 4915">
     <span class='ocr_line' id='line_1_39' title="bbox 388 4904 601 4915; baseline -0.014 -1"><span class='ocrx_word' id='word_1_369' title='bbox 388 4904 601 4915; x_wconf 82' lang='lat'><strong>——</strong></span> 
     </span>
    </p>
   </div>
   <div class='ocr_carea' id='block_1_4' title="bbox 497 4947 1723 5203">
    <p class='ocr_par' dir='ltr' id='par_1_7' title="bbox 497 4947 1723 5203">
     <span class='ocr_line' id='line_1_40' title="bbox 499 4947 1723 5024; baseline -0.014 -13"><span class='ocrx_word' id='word_1_370' title='bbox 499 4956 520 5024; x_wconf 88' lang='lat'><strong>¹)</strong></span> <span class='ocrx_word' id='word_1_371' title='bbox 539 4955 572 5010; x_wconf 82' lang='lat' dir='ltr'><strong>oi.</strong></span> <span class='ocrx_word' id='word_1_372' title='bbox 592 4954 654 5011; x_wconf 90' lang='lat' dir='ltr'><strong>Div.</strong></span> <span class='ocrx_word' id='word_1_373' title='bbox 667 4954 725 5009; x_wconf 91' lang='lat' dir='ltr'><strong>orh.</strong></span> <span class='ocrx_word' id='word_1_374' title='bbox 740 4955 773 5010; x_wconf 89' lang='lat'><strong>13</strong></span> <span class='ocrx_word' id='word_1_375' title='bbox 792 4951 958 5009; x_wconf 81' lang='lat' dir='ltr'><strong>Macedonia</strong></span> <span class='ocrx_word' id='word_1_376' title='bbox 978 4951 1098 5008; x_wconf 70' lang='lat' dir='ltr'><strong>ilrracic</strong></span> <span class='ocrx_word' id='word_1_377' title='bbox 1115 4950 1309 5022; x_wconf 67' lang='grc' dir='ltr'><strong>Ηοῑὶσῳοηίιω</strong></span> <span class='ocrx_word' id='word_1_378' title='bbox 1325 4954 1354 5008; x_wconf 87' lang='lat' dir='ltr'><strong>ct</strong></span> <span class='ocrx_word' id='word_1_379' title='bbox 1365 4966 1437 5023; x_wconf 76' lang='lat' dir='ltr'><strong>para</strong></span> <span class='ocrx_word' id='word_1_380' title='bbox 1453 4948 1612 5006; x_wconf 57' lang='lat' dir='ltr'><strong>arietem</strong></span> <span class='ocrx_word' id='word_1_381' title='bbox 1623 4947 1723 5005; x_wconf 59' lang='lat' dir='ltr'><strong>Ponti,</strong></span> 
     </span>
     <span class='ocr_line' id='line_1_41' title="bbox 497 5041 911 5115; baseline -0.012 -13"><span class='ocrx_word' id='word_1_382' title='bbox 497 5043 521 5115; x_wconf 77' lang='lat'><strong>&#39;)</strong></span> <span class='ocrx_word' id='word_1_383' title='bbox 538 5043 613 5100; x_wconf 80' lang='lat' dir='ltr'><strong>Ptin.</strong></span> <span class='ocrx_word' id='word_1_384' title='bbox 632 5041 710 5100; x_wconf 61' lang='lat' dir='ltr'><strong>aaa.</strong></span> <span class='ocrx_word' id='word_1_385' title='bbox 729 5043 800 5100; x_wconf 89' lang='grc'>1880</span> <span class='ocrx_word' id='word_1_386' title='bbox 818 5059 846 5112; x_wconf 89' lang='lat' dir='ltr'><strong>p.</strong></span> <span class='ocrx_word' id='word_1_387' title='bbox 868 5043 911 5098; x_wconf 81' lang='lat'><strong>51.</strong></span> 
     </span>
     <span class='ocr_line' id='line_1_42' title="bbox 500 5125 1415 5203; baseline -0.02 -15"><span class='ocrx_word' id='word_1_388' title='bbox 500 5132 521 5203; x_wconf 82' lang='lat'><strong>⁸)</strong></span> <span class='ocrx_word' id='word_1_389' title='bbox 540 5147 611 5201; x_wconf 79' lang='lat' dir='ltr'><strong>qnae</strong></span> <span class='ocrx_word' id='word_1_390' title='bbox 630 5135 673 5186; x_wconf 87' lang='lat' dir='ltr'><strong>est</strong></span> <span class='ocrx_word' id='word_1_391' title='bbox 691 5129 827 5186; x_wconf 85' lang='lat' dir='ltr'><strong>sententia</strong></span> <span class='ocrx_word' id='word_1_392' title='bbox 844 5128 951 5186; x_wconf 85' lang='lat' dir='ltr'><strong>Ieseeni</strong></span> <span class='ocrx_word' id='word_1_393' title='bbox 968 5126 1213 5199; x_wconf 62' lang='lat' dir='ltr'><strong>Pauly-Wiener</strong></span> <span class='ocrx_word' id='word_1_394' title='bbox 1229 5125 1262 5182; x_wconf 92' lang='lat' dir='ltr'><strong>ll</strong></span> <span class='ocrx_word' id='word_1_395' title='bbox 1280 5127 1341 5184; x_wconf 78' lang='lat'><strong>770.</strong></span> <span class='ocrx_word' id='word_1_396' title='bbox 1411 5163 1415 5170; x_wconf 85' lang='grc'><strong>,</strong></span> 
     </span>
    </p>
   </div>
   <div class='ocr_carea' id='block_1_5' title="bbox 0 0 2148 6020">
    <p class='ocr_par' dir='ltr' id='par_1_8' title="bbox 0 0 2148 6020">
     <span class='ocr_line' id='line_1_43' title="bbox 0 0 2148 6020; baseline 0 0"><span class='ocrx_word' id='word_1_397' title='bbox 0 0 2148 6020; x_wconf 95' lang='lat' dir='ltr'><strong> </strong></span> 
     </span>
    </p>
   </div>
  </div>
 </body>
</html>
