4275 6025
1024 699 1087 763 197

389 912 515 978 Plinius
544 916 653 977 tamen
683 931 747 974 non
777 908 863 991 huic,
895 909 952 976 sed
982 909 1031 975 illi
1059 907 1158 974 fidem
1187 908 1312 976 habuit.
1357 909 1468 994 itaque
1491 909 1605 975 relicto
1638 928 1724 974 nunc

390 1019 518 1086 Isidoro
540 1018 584 1083 ad
606 1015 724 1084 Iubam
750 1017 879 1084 transit.
926 1015 1010 1081 unde
1033 1014 1265 1100 comprobatur
1286 1021 1383 1081 antea
1405 1036 1479 1081 eum
1502 1015 1631 1083 Isidoro
1654 1035 1724 1082 esse

391 1147 494 1206 usum,
520 1124 604 1189 sicut
625 1124 687 1208 ipsi
710 1124 891 1191 statuimus.
1131 1121 1133 1126 ’

498 1230 555 1296 sed
577 1229 769 1315 priusquam
792 1229 833 1295 de
855 1229 960 1296 Iubae
988 1230 1023 1295 in
1050 1228 1259 1313 sequentibus
1287 1235 1381 1313 parte
1404 1230 1614 1314 disputemus,
1646 1249 1724 1296 sane

391 1358 508 1424 operae
537 1337 678 1423 pretium
709 1342 770 1420 ast,
805 1357 879 1404 oum
906 1336 1063 1403 Plinianis
1097 1355 1284 1420 comparare
1308 1335 1427 1403 Isidori
1461 1335 1650 1421 opusculum
1685 1335 1725 1402 de

391 1443 611 1511 mansionibus
634 1442 797 1508 Parthicis
820 1447 992 1521 servatum,
1017 1448 1056 1508 ut
1078 1448 1239 1526 qnatenus
1264 1443 1406 1507 cumeis
1430 1443 1618 1522 1111111111,
1648 1464 1725 1527 qua·

392 1557 487 1618 tenus
509 1549 552 1615 ab
575 1570 613 1615 eo
634 1546 775 1627 recedat,
797 1548 936 1632 perspici
958 1548 1070 1633 possit.

500 1662 600 1740 atque
632 1654 721 1739 apud
754 1653 918 1720 Isidorum
947 1675 1048 1720 mans.
1074 1652 1188 1720 Parth.
1221 1658 1239 1722 1
1272 1660 1540 1720 commemoratur
1571 1655 1727 1739 oppidum

393 1762 509 1850 Χάραξ
527 1761 624 1828 Τίδου
645 1761 731 1845 qnod
747 1781 863 1842 graeco
885 1756 1269 1842 1111111111Ἀιθεμουσιάς
1292 1758 1421 1827 dieitur.
1459 1760 1509 1826 bis
1531 1761 1618 1826 idem
1640 1759 1727 1844 apud

391 1872 536 1939 Plinium
562 1869 761 1935 nominatur:
794 1870 826 1950 5,
842 1868 885 1937 66
913 1867 1122 1939 Anthemusia,
1158 1869 1272 1947 6116
1302 1867 1482 1944 ,11111111
1514 1874 1628 1933 neutro
1656 1867 1727 1932 loeo

392 1979 497 2045 forma
513 1976 661 2042 Isidorou
675 1980 820 2058 apparet.
859 1994 1056 2059 quamquam
1079 1973 1141 2040 hoc
1163 1995 1227 2040 non
1249 1967 1421 2059 presserim
1443 1979 1618 2059 propterea
1640 1971 1728 2057 quod

393 2088 426 2152 in
443 2083 563 2151 Isidori
578 2083 648 2148 loco
663 2080 819 2147 librorum
833 2081 988 2147 memoria
1002 2081 1128 2147 incerta
1150 2087 1208 2146 est.
1248 2082 1407 2147 consentit
1428 2080 1544 2146 deinde
1566 2079 1608 2145 de
1624 2079 1728 2162 Zeug-

393 2197 480 2257 mate
497 2211 571 2256 cnm
586 2191 617 2273 6,
636 2190 708 2257 119.
746 2187 867 2253 ibidem
882 2185 1113 2273 Niceplaorsbffl)
1130 2239 1138 2256 .
1156 2238 1163 2254 .
1181 2238 1188 2252 .
1206 2187 1380 2251 Aleaasder
1401 2189 1488 2250 iussit
1501 2188 1588 2250 condi
1604 2195 1729 2273 propter

394 2297 453 2360 loci
474 2295 733 2382 opporamitotem,
757 2295 876 2379 quibus
904 2317 976 2361 cum
1006 2295 1113 2361 verbis
1146 2295 1186 2360 ef.
1219 2293 1381 2362 Isidorea:
1418 2293 1617 2382 Νικηφόριον
1647 2289 1724 2378 παρ’

394 2398 568 2489 Εὐφράτην
590 2400 687 2480 πόλις
704 2396 858 2490 Ἑλληνίς,
881 2407 1000 2486 κτίσμα
1022 2398 1230 2488 Ἀλεξάνδρου
1252 2403 1416 2486 βασιλέως.
1599 2453 1601 2460 .

501 2509 542 2574 (11
573 2510 701 2575 nomine
732 2509 837 2576 fossae
859 2508 1040 2593 Euphratis
1069 2508 1210 2575 barbaro
1232 2507 1445 2573 Narmalclac
1466 2509 1575 2594 agitur
1597 2509 1725 2592 6120:

394 2615 480 2680 idem
503 2613 591 2697 apud
613 2613 775 2681 Isidorum
797 2619 1066 2680 commemoratur
1091 2612 1330 2699 Noppoilxcv’).
1377 2614 1543 2680 Artemita
1572 2618 1610 2679 ut
1641 2613 1729 2698 apud

395 2742 469 2786 eum
490 2721 538 2785 ita
562 2722 674 2802 6,111
697 2726 968 2786 commemoratur
994 2721 1029 2785 iu
1051 2717 1298 2804 Mesopotamia,
1336 2721 1512 2786 secundum
1541 2720 1729 2785 Mucianum

396 2828 535 2913 (1114)
558 2826 592 2892 in
616 2826 778 2892 Sittacene
801 2828 865 2892 sita
888 2831 982 2896 esset.
1024 2847 1122 2911 porro
1145 2847 1216 2892 cum
1242 2828 1353 2910 6,131
1379 2829 1421 2890 ad
1442 2849 1508 2891 eam
1530 2829 1587 2908 (sc.
1612 2824 1729 2893 Ohalo·

395 2934 541 3018 nitidem)
572 2935 707 3019 pervenit
742 2931 864 3018 Zapara
897 2955 980 2998 mou
1013 2943 1041 2998 et
1074 2933 1221 2996 Armenia
1253 2935 1331 2997 inter
1365 2933 1472 2997 Medos
1501 2932 1731 3018 Adiabenosque

394 3042 510 3104 1111111
532 3060 600 3124 eqs.
624 3060 775 3124 comparo
790 3037 910 3106 Isidori
932 3040 1068 3109 1111113
1092 3037 1240 3107 ἐντεῦθεν
1254 3036 1273 3128 ἡ
1290 3041 1475 3117 Χαλωνῑτις
1492 3092 1499 3108 .
1517 3092 1524 3106 .
1541 3091 1548 3107 .
1572 3033 1643 3105 εἶτα
1658 3036 1730 3105 ἀπὸ

396 3149 530 3226 σχοίνων
552 3143 579 3210 ε’
601 3142 675 3231 ὄρος
696 3142 715 3211 6
737 3146 883 3211 καλεῖται
897 3146 1031 3234 Ζάγρος,
1055 3142 1137 3234 ὅπερ
1156 3144 1254 3233 ὁρίζει
1269 3147 1327 3236 τὴν
1342 3147 1526 3211 Χαλωνῑτιν
1548 3144 1654 3233 χώραν
1676 3146 1731 3211 καὶ

395 3253 455 3339 τὴν
476 3258 538 3317 τῶν
554 3251 683 3339 Μήδαν.
706 3254 741 3319 in
756 3253 1011 3339 Mesopotamiae
1033 3255 1135 3338 igitur
1158 3254 1374 3340 descriptione
1397 3254 1453 3320 ubi
1474 3253 1621 3320 Isidorea
1643 3252 1730 3338 apud

396 3357 538 3424 Plinium
562 3359 707 3425 admixta
730 3380 800 3425 esse
822 3361 895 3426 aliis
918 3361 1086 3427 decausis
1109 3362 1313 3444 coniecimus,
1337 3362 1425 3427 inter
1446 3362 1533 3427 hunc
1556 3366 1590 3425 et
1612 3359 1732 3427 Isidori

397 3465 587 3549 opusculum
610 3465 770 3549 quaedam
793 3465 1019 3532 similitudines
1041 3468 1257 3535 intercedunt.
1292 3468 1378 3534 uude
1394 3468 1428 3533 id
1445 3466 1532 3551 quod
1548 3468 1730 3548 statuimus,

397 3569 478 3635 haut
501 3570 705 3637 mediocriter
728 3569 944 3637 confirmatur.
992 3574 1108 3638 summi
1131 3594 1206 3639 vero
1236 3574 1393 3640 momenti
1416 3579 1466 3640 est
1495 3574 1627 3639 nomina
1649 3571 1732 3635 Noa

397 3677 538 3740 malalee
560 3682 594 3743 et
616 3676 785 3762 Narrapaa
807 3678 848 3742 ad
872 3698 947 3743 eum
969 3685 1058 3744 certo
1081 3680 1200 3745 indicio
1223 3678 1341 3746 referri
1362 3700 1464 3764 posse.
1512 3675 1732 3745 1111011111-

398 3804 512 3849 cennm
535 3779 697 3849 Arabicae
719 3783 850 3867 linguae
873 3805 1009 3866 gnarum
1032 3783 1133 3851 fuisse
1156 3806 1312 3870 perquam
1334 3785 1503 3870 probabile
1526 3790 1586 3850 est.

504 3889 570 3953 iam
592 3908 667 3955 vero
690 3888 747 3955 ubi
775 3895 869 3956 extra
890 3890 1159 3974 Mesopotamiam
1187 3888 1400 3974 procedimus,
1433 3890 1524 3955 nulla
1553 3890 1619 3953 iam
1649 3887 1734 3952 inter

398 3994 542 4060 Plinium
566 4002 599 4059 et
621 3993 781 4061 Isidorum
804 3994 958 4075 affinitas,
981 3997 1079 4062 immo
1102 3996 1188 4062 leves
1211 3995 1370 4081 quaedam
1402 3994 1613 4060 differentiae.
1657 4014 1733 4058 nam

398 4093 700 4181 111118Ἀπάμεια
721 4100 755 4164 in
775 4097 942 4166 Choarene
950 4100 978 4188 Β)
1000 4106 1277 4183 commemoratur,
1303 4120 1387 4184 quae
1407 4106 1457 4167 est
1471 4100 1579 4166 Plinio
1595 4099 1733 4183 aliisque

398 4205 548 4290 Apamea
569 4204 741 4288 Rhagiane
763 4207 807 4292 (6,
824 4211 880 4291 43)
888 4206 925 4290 4).
971 4207 1046 4273 dein
1071 4211 1112 4277 12
1135 4204 1350 4294 Παρθαύνισα
1373 4202 1395 4293 ἡ
1418 4204 1515 4284 πόλις
1533 4258 1541 4273 .
1559 4256 1568 4273 .
1584 4201 1734 4292 Ἕλληνες

398 4309 433 4376 δὲ
457 4315 599 4376 Nasutus
619 4310 773 4395 λέγουσιν,
798 4319 834 4379 11
853 4312 937 4380 Plin.
964 4316 1077 4393 6,113
1100 4315 1181 4399 sepio
1203 4311 1381 4399 Nisam).
1427 4318 1497 4379 tum
1522 4317 1563 4381 14
1586 4310 1735 4378 ἐντεῦθεν

508 4543 531 4614 ¹)
549 4546 617 4597 11111
634 4558 762 4611 graecam
780 4542 907 4612 formam,
926 4560 977 4612 pro
996 4559 1051 4611 qua
1068 4543 1157 4598 latina
1174 4544 1204 4597 in
1222 4542 1375 4599 Mucisneis
1393 4545 1418 4611 5,
1432 4543 1475 4599 86.

508 4632 531 4701 ¹)
550 4630 574 4685 si
592 4627 784 4685 Narmalcbcs
801 4628 912 4685 Isidoro
930 4628 1038 4685 Plinius
1056 4629 1148 4697 debet,
1177 4631 1262 4686 etiam
1288 4630 1324 4685 de
1351 4631 1462 4685 nomine
1490 4629 1642 4702 Nurrayan
1660 4627 1734 4682 idem

400 4719 492 4773 valere
510 4724 726 4773 consentaneum
744 4724 800 4774 est:
838 4720 937 4786 6123.

508 4806 531 4878 ⁸)
549 4806 617 4862 Isid.
636 4808 786 4880 Χοαρηνήε
806 4808 831 4873 6,
843 4810 880 4864 44
899 4808 1008 4865 0111111
1026 4808 1137 4879 (Mna).

507 4896 531 4966 ⁴)
549 4895 585 4950 of.
604 4894 785 4964 Tamascbek,
804 4896 1044 4966 Pauly-wissowa
1061 4896 1078 4951 l
1097 4897 1176 4953 2265.

509 4984 531 5055 ὅ)
550 4983 601 5039 nr
617 4983 701 5056 repta,
720 5000 791 5053 quae
808 4985 892 5041 lectio
910 4988 942 5038 ut
960 4983 1148 5039 commendari
1165 4983 1276 5039 videtur
1287 4983 1390 5040 Isidori
1408 4982 1523 5039 vocibus
1540 4980 1612 5033 ἔνθα
1630 4976 1734 5048 flaccia-

401 5076 445 5124 καὶ
462 5077 555 5144 ταφαί,
573 5072 615 5125 its
632 5076 748 5143 propter
765 5072 910 5142 sequentia
927 5072 976 5129 abi
992 5072 1222 5143 Mesopota
1240 5072 1307 5127 ferri
1324 5074 1430 5141 nequit.
