4275 6025
1064 747 1129 812 178

537 958 704 1046 pergimus
724 956 828 1044 igitur
850 959 918 1041 6,9
940 958 975 1021 in
995 979 1052 1021 oro
1074 969 1173 1022 σιιιοιιι
1196 957 1235 1022 αδ
1249 959 1358 1022 Amiso
1380 959 1552 1043 oppidum
1571 967 1604 1021 et
1620 956 1777 1043 fiumen

428 1063 775 1150 Clodirio,.Lycaoucm.
819 1061 960 1148 Lycasto
982 1063 1061 1130 urbs
1083 1062 1171 1149 apud
1186 1063 1307 1130 Melam
1328 1070 1359 1143 1,
1374 1067 1436 1134 106
1454 1070 1569 1131 exstat.
1609 1061 1779 1130 Chadisia

425 1193 502 1238 vero
522 1173 557 1237 in
580 1171 764 1240 Itinerariis
785 1177 862 1256 post
880 1168 1058 1255 Lycastum
1081 1176 1361 1237 commemoratur.
1407 1169 1449 1237 cf.
1464 1170 1567 1236 Marc.
1584 1174 1627 1240 10
1649 1192 1681 1255 p.
1697 1173 1772 1240 572

425 1271 496 1342 διεδ
514 1273 650 1359 Ἀμισοῦ
671 1275 730 1340 ἐπὶ
751 1273 808 1341 τὸν
829 1273 996 1339 Λύκαστον
1018 1275 1167 1358 ποταμὸν
1189 1273 1313 1340 στάδιοι
1334 1273 1374 1345 κ’.
1421 1270 1488 1341 ἀπὸ
1512 1279 1569 1342 τοῦ
1592 1272 1776 1343 Λοκάστοο

426 1379 483 1460 εἰς
511 1380 634 1470 κώμην
656 1384 721 1450 καὶ
742 1381 921 1466 ποταμὸν
944 1381 1103 1448 Χαδὶσιον
1125 1380 1251 1448 στάδιοι
1273 1379 1318 1469 pv'
1343 1383 1397 1464 (cf.
1414 1384 1523 1450 Anon.
1547 1386 1591 1456 28
1617 1406 1650 1469 p.
1672 1383 1769 1468 408).

428 1489 709 1556 contaminationis
732 1509 810 1572 ergo
832 1492 957 1554 certum
980 1487 1143 1554 indicium.

536 1601 615 1662 tunc
644 1597 746 1662 currit
775 1595 949 1680 periegesis
980 1595 1132 1661 continuo
1162 1594 1275 1662 ordine
1307 1616 1409 1678 usque
1439 1595 1482 1662 ad
1504 1594 1641 1662 Sidonos
1664 1598 1770 1678 6,11,

424 1701 501 1769 inde
531 1702 743 1769 Itinerarium
773 1701 920 1786 sequitur
951 1701 1077 1767 Plinius
1108 1722 1210 1786 usque
1240 1701 1284 1768 ad
1314 1704 1413 1768 verba
1442 1714 1470 1766 ιι
1496 1725 1514 1766 α
1537 1702 1713 1767 Pharnacea
1736 1693 1779 1768 Z*

428 1810 590 1896 Trapezus.
634 1830 711 1876 nam
742 1809 825 1876 duae
857 1810 955 1874 series
989 1809 1161 1876 continuae
1191 1831 1225 1876 se
1256 1811 1429 1895 excipiunt,
1454 1811 1488 1874 in
1511 1808 1629 1892 quibus
1650 1809 1768 1875 eadem

425 1917 504 1983 urbs
525 1917 631 1983 altero
652 1916 724 1982 loco
748 1913 899 1994 Gerasus,
921 1914 1026 1981 altero
1045 1915 1238 1982 Pharnacea
1260 1915 1349 1982 dicta
1371 1923 1430 1982 est.
1475 1916 1631 2000 oppidum
1653 1922 1768 1988 antem

424 2022 603 2107 Liuiopolis
633 2029 709 2106 post
731 2020 925 2088 Strabonem
934 2022 960 2105 ¹)
990 2021 1157 2087 conditum
1187 2023 1272 2088 inter
1302 2043 1341 2089 ea
1371 2028 1591 2108 percensetur,
1615 2043 1698 2106 quaa
1720 2023 1765 2088 cl.

425 2128 870 2210 Arr.16,2Anon.32sq.
898 2126 1218 2212 p.4091tinerario
1244 2127 1456 2198 vindicamus.
1508 2149 1526 2193 e
1553 2127 1661 2212 priore
1687 2148 1770 2192 vero

426 2235 510 2302 serie
531 2234 687 2320 pleraque
708 2231 815 2298 Melae
837 2252 995 2298 consensu
1018 2239 1064 2319 (1,
1078 2231 1156 2318 106)
1178 2232 1220 2298 ad
1242 2233 1422 2317 periegesin
1445 2232 1640 2299 referuntur.
1727 2269 1729 2275 ,

536 2340 578 2406 de
607 2338 714 2406 verbis
736 2342 823 2422 6,12
854 2339 936 2402 ultra
957 2341 1038 2426 quod
1057 2361 1130 2424 peno
1153 2339 1422 2424 Aruwnochalybes
1444 2351 1472 2404 et
1493 2342 1591 2404 maior
1613 2342 1768 2404 Ammonio

424 2439 536 2512 ΧΧΧ
547 2471 587 2534 p.
609 2448 725 2510 διἰισοο
746 2443 834 2512 infra
855 2467 920 2512 una
942 2467 1016 2513 cum
1039 2449 1069 2525 6,
1084 2449 1126 2516 29
1150 2467 1292 2531 agemus.

536 2552 691 2639 proximis
713 2557 822 2618 autem
842 2552 1021 2636 periegesin
1037 2551 1164 2618 Plinius
1186 2551 1343 2636 sequitur.
1382 2553 1511 2636 supplet
1526 2553 1613 2640 enim
1628 2551 1765 2620 fluvium

425 2662 579 2746 Pyxiten:
612 2662 645 2726 ιἰι
676 2681 732 2722 oro
762 2669 846 2723 onte
869 2658 1061 2744 Trapezunta
1094 2658 1204 2736 stramen
1238 2671 1281 2723 eat
1301 2659 1470 2744 Ppaioff).
1520 2681 1600 2744 gens
1633 2679 1767 2744 quoque

426 2753 609 2836 Sannorum
625 2766 868 2833 Heniochorum
891 2765 997 2832 aliena
1019 2766 1060 2832 ab
1075 2765 1263 2838 Itinerario.
1301 2788 1377 2832 nam
1392 2766 1554 2833 Heniochi
1574 2766 1763 2853 paulopost

426 2896 467 2942 ex
483 2895 521 2940 eo
537 2872 725 2958 laudantur.
763 2872 838 2939 dein
858 2872 970 2938 flumen
984 2873 1157 2936 Absarrum
1173 2895 1241 2936 cum
1255 2873 1372 2936 castello
1389 2876 1561 2958 coquomiue
1575 2876 1608 2938 in
1619 2873 1769 2961 succiduo

312 2981 317 2988 '
424 3005 444 3045 ο
479 2980 664 3068 Trapezunta
679 2969 781 3044 ῩῙΧῙ
811 2998 852 3044 ex
873 2978 1048 3049 Itinerario
1076 2985 1206 3064 sumpta
1237 2980 1289 3046 vel
1318 2985 1453 3064 propter
1480 3001 1674 3047 mensuram.
1716 2979 1762 3059 cf.

424 3089 503 3178 Arr.
527 3092 592 3172 6,1
617 3084 771 3172 Ἄψαρος,
805 3083 922 3168 ἵναπερ
952 3083 988 3149 ul
1016 3084 1114 3152 πέντε
1147 3090 1278 3172 σπεῖραί
1303 3084 1384 3151 εἰσιν
1408 3083 1582 3172 ἱδρυμέναι.
1628 3095 1698 3153 tum
1721 3088 1766 3153 de

423 3196 576 3281 gentibus
599 3192 779 3259 Heniochis
806 3199 839 3259 et
861 3192 959 3259 Lazis
982 3192 1021 3260 ci.
1046 3194 1126 3260 Arr.
1152 3195 1239 3275 11,2
1266 3189 1411 3274 Ἡνίοχοι,
1435 3191 1553 3275 Λάζαι.
1599 3217 1658 3281 pro
1680 3198 1766 3260 Am·

423 3300 548 3385 preutis
570 3297 691 3366 ibidem
714 3295 883 3384 Ζυδρεῖται
904 3303 1044 3364 exstant.
1091 3304 1242 3364 neutrum
1264 3321 1380 3366 nomeu
1402 3299 1482 3366 alibi
1498 3300 1665 3367 traditum.
1705 3301 1762 3367 sed

423 3426 499 3472 cum
519 3406 606 3471 inter
628 3403 757 3471 easdem
779 3410 892 3488 gentes
913 3413 1206 3473 commemorentur
1228 3410 1261 3473 et
1284 3406 1439 3473 suffixum
1460 3415 1546 3473 certe
1562 3408 1762 3474 simillimum

424 3512 477 3594 sit,
500 3531 597 3595 aegra
619 3509 698 3576 mihi
720 3508 899 3595 persuadeo
925 3510 1069 3577 diversas
1092 3510 1315 3599 significaril).
1355 3512 1482 3583 sicinina
1496 3515 1686 3600 Acampseon
1701 3514 1767 3578 Isia

424 3615 552 3701 Moprus
573 3615 693 3701 Bathys
718 3617 806 3701 apud
832 3617 1014 3684 Arriauum
1045 3620 1075 3700 7,
1091 3622 1167 3703 9sq.
1196 3618 1417 3686 inveniuntur:
1441 3616 1612 3705 Ἄκαμψις,
1634 3619 1763 3698 Baros,

420 3715 506 3801 Ἰσις,
540 3723 686 3810 Μῶγρος.
743 3724 802 3790 sed
839 3722 992 3810 oppidum
1025 3725 1164 3791 Matium
1205 3726 1252 3791 ibi
1289 3725 1371 3791 alias
1408 3746 1472 3792 non
1511 3733 1638 3808 notum,
1677 3729 1767 3793 unde

422 3831 512 3898 haud
550 3832 616 3897 scio
653 3853 695 3898 an
732 3852 798 3897 non
835 3831 996 3898 diversum
1033 3833 1077 3898 sit
1112 3832 1152 3898 ab
1191 3853 1229 3898 eo
1267 3832 1355 3917 quod
1389 3835 1488 3911 6,10
1526 3854 1567 3898 ex
1602 3834 1762 3920 periegesi

423 3938 587 4005 laudatur.

536 4045 689 4111 Phasidis
712 4047 877 4113 enarratio
901 4049 988 4128 6,13
1012 4047 1056 4112 ad
1078 4046 1257 4131 periegesin
1272 4047 1422 4131 pertinet.
1470 4047 1526 4113 sed
1541 4054 1713 4133 postquam
1727 4048 1764 4113 in

423 4151 512 4218 calce
543 4152 612 4217 eius
644 4173 795 4219 mensura
827 4159 877 4219 est
906 4151 1036 4220 addita:
1058 4153 1140 4217 abest
1162 4154 1287 4234 <α6>
1310 4154 1449 4218 Absarru
1470 4145 1584 4238 ῙΧΧ,
1606 4175 1705 4239 quam
1720 4176 1766 4222 ex.

424 4257 599 4324 Itinerario
623 4256 754 4326 fluxisse
787 4264 909 4324 certum
940 4263 1001 4340 est,
1031 4279 1072 4346 en
1104 4258 1216 4324 eodem
1247 4260 1408 4342 quaedam
1431 4261 1558 4326 adnexa
1581 4267 1669 4328 sunt:
1693 4261 1767 4324 inde

423 4363 510 4427 aliud
523 4363 642 4449 flamen
666 4361 796 4428 Cimon
819 4363 873 4447 (cl.
895 4364 977 4429 Arr.
995 4368 1080 4443 10‚1
1097 4369 1231 4451 Χαρίεις
1245 4365 1409 4452 ποταμός)
1427 4416 1435 4433 .
1453 4417 1461 4434 .
1479 4366 1614 4449 ptumo
1629 4364 1762 4431 Claudum

423 4467 480 4556 (uf.
502 4470 548 4538 ih.
570 4473 700 4555 Χῶβος)
716 4520 724 4539 .
742 4523 750 4536 .
766 4522 774 4539 .
791 4494 892 4535 amnes
907 4468 1071 4558 Sipnniffl)
1095 4472 1186 4559 (Arr.
1212 4476 1298 4551 10‚2
1318 4471 1480 4559 Σιγγάμης
1503 4478 1590 4550 11,4
1606 4471 1765 4561 Σιγάμης)

533 4678 661 4750 1)ο1.Ιὶ.
679 4679 796 4735 Hansen
818 4681 836 4735 l.
860 4682 879 4738 l.
902 4699 930 4751 p·
950 4682 993 4737 38.
1030 4682 1105 4737 idem
1131 4682 1249 4738 diversis
1276 4681 1398 4737 Plinium
1425 4697 1504 4735 usum
1523 4697 1583 4736 esse
1601 4684 1765 4738 auctoribus

422 4770 539 4837 monuit,
557 4774 652 4824 tamen
670 4769 705 4823 de
724 4771 763 4823 eis
781 4787 880 4840 parum
899 4770 1056 4840 probabilia
1073 4772 1198 4841 protulit.

532 4860 555 4928 Ι)
572 4857 647 4913 idem
665 4860 733 4916 Arr.
749 4860 803 4930 7,4
819 4860 913 4917 huon.
931 4860 967 4915 40
984 4877 1013 4929 p.
1030 4862 1083 4917 411
1103 4861 1186 4931 longo
1204 4865 1269 4931 post
1286 4858 1461 4929 Trapezunta
1478 4858 1607 4918 collocat.

532 4948 554 5018 ⁸)
573 4945 723 5001 Hanseuus
741 4964 849 5016 qnoque
866 4949 886 5005 l.
904 4947 923 5002 l.
942 4966 970 5017 p.
989 4949 1023 5004 39
1043 4948 1079 5002 ad
1097 4948 1170 5003 hanu
1188 4948 1354 5009 sententiam
1371 4962 1476 5017 pronus
1494 4949 1563 5001 erat.

531 5038 555 5106 ⁴)
573 5034 689 5108 Sipamo
712 5034 888 5090 scribendum
909 5036 1021 5093 videtur
1044 5037 1079 5092 cl.
1096 5037 1163 5092 Arr.
1182 5036 1200 5090 l.
1219 5038 1237 5090 l.
1257 5036 1394 5107 &panion
1416 5035 1518 5109 Geogr.
1540 5034 1664 5092 Ravenn.
1689 5037 1765 5107 o,1o

421 5139 451 5193 p.
468 5127 522 5182 367
540 5125 575 5183 P.
590 5124 623 5183 P.
641 5125 693 5181 aed
711 5124 843 5197 Sipomon
860 5121 952 5179 Guido
970 5143 997 5196 p.
1011 5127 1078 5197 ⁴532.
1116 5124 1263 5183 δδισοσδδο
1281 5122 1349 5180 Tnb.
1368 5123 1448 5181 Peut.
