4275 6025
1024 616 1088 679 152

387 826 477 892 11555
491 825 615 893 formae
628 828 748 912 optime
760 826 802 894 ad
819 827 1001 912 Agrippam
1017 827 1194 910 quadrant:
1215 825 1470 907 Cbenmesum1),
1489 825 1722 892 Catabathmum

387 936 516 1016 (contra
538 936 569 1015 5,
584 936 626 1001 38
648 935 682 998 15
704 934 863 1018 periegesi
887 931 1121 1014 Cotobacbmm).
1167 933 1306 1017 denique
1329 955 1405 1002 orae
1428 933 1602 1019 descriptio
1634 938 1663 1013 5,
1678 937 1721 1003 38

388 1038 517 1107 55555
540 1061 643 1126 usque
665 1041 708 1106 ad
724 1038 965 1107 Catabathmon
980 1040 1180 1133 perducitur.
1219 1037 1416 1123 Cyrenaicae
1438 1040 1540 1124 igitur
1555 1060 1721 1107 mensuras

387 1166 459 1212 cum
484 1147 594 1231 aliqua
616 1146 846 1233 probabilitate
870 1149 1040 1232 Agrippae
1063 1146 1320 1231 adscribimus2).

499 1258 569 1319 tum
591 1255 713 1320 insulas
737 1260 767 1336 5,
780 1260 834 1323 41.
859 1257 902 1324 42
925 1254 1052 1320 diverso
1076 1258 1183 1318 tractu
1206 1260 1302 1336 atque
1330 1253 1576 1338 descriptionem
1599 1254 1721 1320 Plinia-

386 1378 461 1423 nam
493 1360 688 1442 pertractari
717 1360 781 1425 iam
814 1381 914 1445 supra
946 1358 998 1438 (of.
1032 1383 1062 1444 p.
1097 1362 1155 1443 78)
1185 1360 1377 1427 55551555.
1424 1382 1490 1444 qua
1520 1362 1646 1427 ratione
1681 1380 1720 1427 eo

382 1465 490 1529 artius
522 1486 596 1531 cum
621 1468 693 1551 ipsa
723 1468 881 1552 periegesi
915 1468 1166 1551 coniunguntur.
1213 1489 1289 1533 nam
1317 1469 1385 1534 eius
1416 1490 1547 1553 quoque
1575 1468 1719 1535 ordinem

387 1592 408 1637 a
429 1569 537 1637 Plinio
558 1572 719 1640 inversum
743 1593 812 1638 esse
839 1594 879 1638 ex
901 1576 931 1651 5,
946 1576 987 1641 25
1013 1571 1139 1656 colligo,
1171 1572 1226 1638 ubi
1249 1572 1385 1638 Sobreto
1415 1576 1583 1660 5551159515
1604 1574 1720 1661 Syrtin

387 1678 533 1741 minorem
555 1678 686 1762 legitur.
732 1700 816 1763 quae
839 1678 937 1745 verba
960 1678 1015 1742 uhi
1039 1699 1078 1742 ea
1100 1684 1234 1762 peracta
1257 1685 1315 1761 est,
1344 1680 1455 1765 inepta
1477 1687 1562 1750 sunt.
1609 1686 1720 1747 contra

386 1784 507 1868 optime
530 1804 563 1849 55
587 1784 716 1863 habent,
741 1784 797 1849 ubi
820 1805 857 1849 eo
881 1784 951 1850 loco
982 1782 1024 1848 sd
1047 1782 1170 1868 Syrtim
1192 1785 1367 1851 acceditur.
1410 1787 1535 1852 accedit
1565 1786 1718 1853 alterum:

384 1888 472 1956 idem
494 1891 580 1956 enim
604 1890 691 1974 quod
707 1891 740 1955 in
756 1889 909 1974 Europae
925 1889 1040 1955 insulis
1055 1891 1303 1970 observavimus,
1327 1913 1393 1957 una
1408 1892 1605 1976 digressione
1621 1914 1719 1976 quam

385 1996 542 2083 plurimas
564 1996 699 2076 absolvi,
724 1997 765 2063 ad
788 1996 924 2063 Africae
953 2018 1080 2081 quoque
1111 1996 1233 2061 insulas
1264 1999 1419 2082 pertinet:
1451 1997 1607 2065 Cercinae
1637 1998 1719 2065 situs

385 2125 405 2169 5
422 2102 572 2186 Meninge
595 2102 748 2169 definitur
771 2107 801 2185 5,
815 2111 873 2174 41:
898 2105 937 2169 ob
960 2095 1045 2170 ea’C
1059 2116 1161 2168 comm
1176 2105 1291 2169 mecum
1307 2104 1426 2192 (Syrtis
1445 2105 1719 2192 promunturium)

390 2209 670 2276 05515555155155
694 2231 733 2275 aa
755 2232 781 2279 e.
799 2233 831 2295 g.
855 2210 1012 2277 aThenis
1035 2219 1119 2278 esset
1142 2210 1319 2292 55851151).
1358 2211 1434 2277 huic
1456 2211 1640 2277 adnectitur
1655 2232 1719 2278 non

387 2318 489 2386 solum
510 2314 695 2399 Cercinitis,
719 2318 775 2383 sed
798 2318 897 2383 otiam
919 2318 1109 2403 Lopadusa.
1144 2318 1256 2401 itaque
1279 2318 1357 2402 quin
1389 2317 1515 2382 insulae
1545 2317 1587 2383 ad
1617 2318 1719 2402 perie-

384 2426 478 2509 gesin
501 2424 696 2509 pertineant,
721 2423 866 2489 dubitari
889 2425 1010 2508 nequit.
1045 2445 1085 2489 ao
1099 2422 1187 2489 favet
1201 2424 1277 2489 huic
1291 2424 1470 2489 5551551155
1486 2421 1718 2489 Eratosthenes

384 2538 498 2598 auctor
533 2535 564 2615 5,
576 2535 618 2599 41
655 2529 817 2599 laudatus.
864 2528 1034 2596 offenderis
1063 2550 1139 2595 vero
1173 2529 1206 2594 in
1240 2529 1367 2595 iteratis
1397 2529 1579 2594 nominibus
1611 2528 1719 2613 Lopa-

384 2636 520 2725 555551)
536 2634 637 2705 (15511
653 2635 794 2704 Galatae
810 2635 971 2722 Cossyrae
985 2636 1024 2702 51.
1042 2638 1074 2720 3,
1088 2638 1140 2705 92.
1179 2635 1254 2701 hinc
1269 2634 1309 2700 de
1331 2634 1459 2699 diverso
1481 2640 1613 2702 auctore
1636 2635 1719 2718 cogi·

384 2746 513 2812 taverle.
551 2745 661 2830 itaque
684 2749 787 2811 utres
803 2750 887 2826 sunt,
912 2744 1021 2828 agitur
1041 2742 1081 2808 de
1097 2743 1247 2826 Agrippa
1262 2748 1295 2807 51
1314 2740 1469 2807 Varrone.
1508 2745 1539 2818 3,
1552 2743 1595 2810 92
1610 2746 1718 2806 autem

384 2851 518 2921 Melitae
539 2873 561 2918 a
576 2850 748 2919 Camerina
771 2871 922 2917 mensura
945 2850 986 2915 ab
1002 2850 1152 2935 Agrippa
1175 2857 1225 2915 est
1240 2847 1356 2927 aliena,
1380 2869 1456 2913 uam
1478 2847 1506 2912 is
1528 2846 1718 2933 aPachyno

384 2958 526 3045 spatium
553 2960 764 3046 computavit:
797 2957 906 3026 Strab.
932 2962 996 3028 277
1024 2956 1195 3046 πρόκειται
1225 2955 1260 3022 db
1289 2961 1347 3021 τοῦ
1374 2953 1717 3044 largimentum..

381 3066 438 3131 καὶ
454 3064 574 3143 saddoc
595 3061 790 3153 ὀγδοήκοντα
812 3064 867 3129 καὶ
896 3059 978 3130 ὀκτώ
1000 3063 1095 3146 pllio
1116 3063 1174 3150 τῆς
1196 3061 1296 3150 ἄκρας
1314 3057 1494 3148 ἀμφότεραι
1510 3061 1718 3150 διέχουσαιῧ).

382 3173 485 3258 igitur
507 3175 538 3250 3,
552 3174 594 3241 92
627 3171 842 3250 Varroniaua,
874 3175 905 3249 5,
918 3177 971 3240 41.
1002 3174 1044 3241 52
1068 3170 1237 3255 Agrippas
1263 3168 1383 3234 dixeris
1415 3176 1552 3236 exstare.
1607 3176 1642 3235 at
1677 3193 1718 3236 55

384 3281 436 3345 hic
451 3278 582 3363 quidem
598 3277 715 3344 desunt
731 3279 976 3363 discrepantiae.
1016 3278 1080 3343 duo
1096 3278 1181 3342 enim
1204 3277 1420 3361 Aegimoeroe
1428 3275 1454 3360 ο)
1478 3282 1717 3359 percenseatur,

383 3391 421 3452 at
443 3385 595 3468 Agrippa
617 3406 714 3450 uuam
737 3384 833 3450 huius
855 3384 994 3451 nominis
1022 3385 1160 3449 insulam
1187 3384 1344 3468 agnoscit,
1377 3382 1416 3449 51.
1440 3380 1548 3447 Strsb.
1572 3383 1594 3450 l.
1617 3383 1638 3448 l.
1662 3382 1717 3447 καὶ

382 3483 615 3580 ἧΑἰγίμουρος
637 3487 671 3553 dh
693 3489 758 3578 πρὸ
780 3496 836 3578 τῆς
852 3489 998 3568 Σικελίας
1019 3490 1148 3577 καὶτῆς
1163 3488 1298 3576 Aspiciam
1323 3488 1363 3555 51.
1387 3493 1418 3571 5,
1430 3495 1472 3558 41
1497 3500 1620 3553 contro
1637 3487 1718 3553 Cor-

382 3597 546 3682 tbopim's
567 3598 686 3660 sinam
712 3599 791 3662 duae
812 3598 1012 3682 Aegimoeroe.
1057 3598 1115 3663 sed
1146 3599 1306 3681 quaedam
1330 3594 1472 3662 affinitas
1504 3602 1555 3662 551
1584 3597 1613 3662 51
1643 3617 1717 3683 555

381 3759 596 3770 ..—.--..—-—

492 3845 512 3913 1)
531 3842 585 3897 hoc
604 3843 737 3913 oppidum
755 3845 785 3898 in
803 3844 940 3914 periegesi
958 3861 1014 3898 555
1033 3847 1272 3899 commemoratur.

492 3934 515 4002 ²)
532 3932 689 4001 nuperrime
712 3932 875 3988 Francisous
893 3933 1054 4003 Buecheler,
1085 3951 1155 3988 mus.
1174 3932 1264 3988 Rhsn.
1287 3934 1322 3990 59
1354 3934 1450 4004 (19111)
1471 3950 1498 4004 p.
1518 3935 1578 3990 638.
1607 3935 1659 3992 640
1681 3934 1716 3989 55

382 4021 480 4092 oppidi
496 4019 594 4088 Leptis
618 4021 729 4075 nomine
750 4038 835 4091 egeus
859 4025 884 4090 5,
894 4024 927 4078 31
948 4021 1034 4092 Lepci
1055 4022 1191 4077 traditum
1213 4038 1273 4076 esse
1296 4022 1410 4087 monuit,
1434 4039 1517 4091 qoam
1539 4022 1655 4076 formam
1674 4022 1715 4076 iu·

382 4111 511 4179 diganum
529 4125 589 4164 esse
607 4109 806 4178 comprobavit.
837 4110 913 4165 idem
931 4128 985 4179 qua
1003 4117 1047 4166 est
1064 4110 1218 4180 sagacitate
1236 4109 1270 4163 do
1282 4109 1402 4165 fontium
1420 4110 1581 4165 diversitate
1600 4112 1667 4176 5,31
1687 4114 1716 4164 51

381 4201 407 4267 5,
417 4201 460 4255 25.
478 4198 512 4253 27
531 4197 672 4266 cogitavit.
709 4215 765 4252 uon
783 4198 881 4254 dubito
899 4199 965 4268 quin
983 4199 1033 4253 illa
1051 4199 1131 4254 obeat
1146 4198 1276 4269 obLepoi
1294 4191 1482 4254 ΟΜΝ
1496 4216 1559 4254 555
1578 4200 1715 4269 sequeuti-

380 4289 433 4345 hus
451 4287 488 4342 ad
506 4283 662 4358 Agrippam
685 4288 852 4357 pertineant.
889 4289 957 4343 item
981 4287 1134 4344 Guilelmus
1154 4288 1278 4342 Heraeus
1306 4289 1422 4342 formam
1439 4286 1538 4356 Lepcis
1563 4287 1716 4343 vindicavit

380 4375 487 4433 Archiv
506 4375 525 4430 1.
544 4375 638 4430 Lexic.
659 4377 692 4432 14
711 4375 805 4447 (1905)
823 4394 850 4446 p.
870 4377 1020 4433 216-218.

491 4465 605 4534 1)51551
628 4464 695 4519 lecit
713 4464 861 4535 Agathem.
880 4466 913 4520 21
939 4463 1029 4521 GGM.
1049 4465 1080 4519 II
1103 4467 1157 4522 483
1179 4461 1331 4535 ὑπέρκειται
1357 4461 1386 4515 dir
1412 4460 1520 4518 molam
1540 4463 1715 4531 ἦπειρωτιιιῆς

382 4556 472 4621 Cives,
490 4552 508 4620 ἢ
526 4566 613 4605 κεῖται
630 4554 678 4620 τῆς
694 4555 791 4626 μικρᾶς
809 4551 939 4625 25551555
956 4555 1000 4606 inl
1017 4556 1064 4620 τῆς
1081 4553 1169 4626 ἀρχῆς.

487 4642 510 4712 ⁴)
529 4641 600 4706 512
620 4639 784 4711 Lopadusa:
802 4641 827 4707 3,
836 4641 872 4696 92
890 4640 1044 4712 Iapudum

489 4728 512 4800 ⁶)
530 4728 566 4783 de
582 4744 669 4798 parva
687 4727 842 4783 differentia
858 4727 900 4781 nil
917 4745 1021 4784 moror:
1041 4730 1077 4785 88
1094 4747 1131 4786 5.
1148 4745 1175 4797 p.
1190 4727 1335 4783 Strabonis
1355 4726 1571 4799 chorographus,
1588 4730 1673 4787 815.
1685 4748 1713 4802 p.

379 4817 452 4876 Ptin.
472 4819 497 4889 3,
507 4819 542 4874 92
559 4833 623 4871 nam
643 4816 696 4872 540
714 4819 747 4870 st.
767 4817 882 4884 uterque
900 4819 1049 4886 computat.

488 4907 510 4978 ⁶)
529 4907 569 4961 sic
588 4905 738 4960 secundum
756 4902 856 4958 Ianum
870 4905 1060 4974 Silligiumque
1077 4921 1175 4959 censeo
1194 4902 1349 4972 legendum.
1381 4902 1415 4957 55
1434 4906 1495 4957 1515
1513 4903 1576 4959 loco
1588 4905 1715 4962 5551555·

380 4997 426 5050 tur
444 4993 538 5065 Silligi
556 4991 708 5048 adnotatio.
