4275 6025
1102 696 1144 760 30

452 908 555 992 igitur
578 911 704 992 tempus
728 903 859 972 libellus
882 905 937 972 ille
959 905 1161 989 conscriptus
1176 902 1272 988 est1).
1310 902 1452 987 denique
1471 904 1550 972 alibi
1570 907 1707 992 vestigia
1722 909 1794 976 eius

451 1012 555 1079 libelli
577 1012 715 1080 inveniri
738 1032 833 1096 posse
855 1011 1006 1096 desperat
1029 1009 1274 1076 Kentenichius.
1320 1029 1360 1075 ac
1386 1029 1464 1074 sane
1486 1010 1601 1078 merito
1625 1011 1792 1082 Diodorea

451 1121 564 1207 procul
587 1120 696 1188 habet.
742 1118 799 1186 sed
823 1118 961 1186 fortasse
984 1125 1081 1186 tenue
1103 1118 1275 1202 vmtiginm
1298 1121 1406 1182 emtat
1427 1138 1480 1202 ap.
1501 1117 1612 1186 Amm.
1637 1123 1688 1199 17,
1702 1123 1734 1194 7,
1748 1123 1792 1190 13

451 1225 509 1292 ubi
532 1227 627 1292 haec:
652 1227 779 1290 Rhodus
797 1224 932 1312 Ophiusa
956 1237 983 1290 et
997 1225 1124 1309 Pelagio
1143 1223 1300 1310 pewrihas
1315 1223 1440 1287 sauata
1453 1224 1599 1288 darton:
1624 1222 1792 1309 Ophiussae

451 1353 567 1398 nomen
598 1333 685 1397 inter
714 1331 882 1416 complura
911 1353 962 1416 ap.
985 1331 1072 1398 Plin.
1105 1334 1136 1410 5,
1150 1332 1214 1399 132
1245 1334 1361 1408 exstat,
1393 1333 1428 1394 at
1451 1328 1606 1412 Pelagiae
1636 1332 1722 1397 inter
1751 1352 1791 1397 ea

451 1436 577 1504 frustra
608 1438 813 1522 quaesiveris.
864 1438 990 1505 aceedit
1027 1435 1184 1502 sermonis
1219 1434 1381 1519 quaedam
1411 1435 1602 1503 similitudo:
1634 1437 1792 1523 parvidus

452 1543 575 1608 saeculis
597 1546 743 1627 dicante,
770 1545 798 1610 si
820 1566 863 1610 ex
884 1543 1080 1611 Ammianeo
1102 1563 1220 1627 genere
1247 1541 1373 1608 dicendi
1403 1541 1446 1607 ad
1468 1542 1613 1626 priorum
1637 1543 1788 1628 simplici·

452 1657 555 1718 tatem
579 1653 765 1738 redigimus,
789 1665 877 1717 antea
900 1655 980 1716 aaa
1002 1658 1060 1718 est.
1107 1651 1135 1717 si
1157 1671 1233 1716 uero
1262 1651 1332 1715 iure
1363 1648 1444 1715 baec
1472 1648 1516 1715 ad
1546 1649 1638 1714 illum
1668 1649 1790 1716 librum

452 1757 637 1840 referimus,
661 1759 762 1824 latine
786 1779 860 1824 eum
882 1763 1072 1840 conceptum
1095 1755 1204 1839 fuisse,
1228 1756 1327 1821 etiam
1349 1756 1416 1822 veri
1437 1754 1477 1820 lit
1498 1754 1645 1821 similius.

557 1862 614 1928 sed
636 1863 702 1929 sive
724 1884 797 1928 cum
814 1863 1030 1929 Kentenicbic
1054 1860 1230 1927 artioribus
1252 1859 1372 1926 finibus
1396 1882 1471 1927 eum
1485 1861 1788 1943 circumscribimus,

452 1969 518 2036 sive
543 1968 720 2036 secundum
743 1988 847 2035 meam
870 1969 1052 2052 opinionem
1068 1965 1166 2052 paulo
1182 1966 1321 2050 amplius
1336 1967 1570 2049 conentuimus,
1594 1969 1659 2034 sive
1675 1988 1791 2052 graece

452 2076 520 2140 sive
536 2074 637 2140 latine
652 2075 808 2158 scriptum
825 2075 1057 2148 existimamus,
1077 2072 1288 2138 removendus
1303 2078 1375 2137 erat
1389 2071 1563 2155 peculiaris
1578 2074 1633 2140 ille
1648 2074 1788 2157 libellus,

451 2181 642 2266 priusquam
674 2180 714 2246 de
743 2182 870 2265 graecis
893 2180 1082 2247 auctoribus
1104 2180 1138 2245 in
1162 2179 1345 2245 universum
1366 2199 1544 2264 ageremus.
1591 2182 1655 2246 iam
1678 2181 1720 2246 de
1743 2182 1789 2248 eis

452 2287 557 2370 legem
582 2285 805 2354 Bruanianam
829 2311 892 2356 non
915 2290 1021 2356 valere
1036 2288 1275 2354 Kentenichius
1291 2287 1573 2374 demonstravit').
1611 2311 1688 2354 nam
1701 2311 1790 2355 com-

451 2415 548 2460 mune
560 2393 723 2478 quoddam
736 2395 984 2462 fundamentum
997 2397 1137 2462 indicum
1149 2395 1202 2462 IV
1216 2394 1247 2464 V
1259 2395 1311 2463 VI
1324 2401 1383 2461 est.
1407 2397 1519 2481 itaque
1534 2395 1679 2462 ordinem
1691 2417 1789 2481 quen·

451 2500 527 2566 dam
542 2507 713 2567 auctorum
728 2524 749 2568 a
765 2504 869 2568 Plinio
884 2525 924 2568 ex
939 2502 1028 2568 fonte
1043 2502 1248 2583 translatum,
1266 2522 1361 2585 quem
1372 2502 1594 2568 huiuscemodi
1606 2503 1787 2568 constituit:

555 2607 724 2674 Hecataeus
742 2608 915 2674 Hellanicus
929 2608 1092 2674 Damastes
1107 2608 1254 2673 Eudorus
1270 2608 1474 2674 Dicaearchus
1493 2609 1693 2673 Timosthenes
1707 2609 1790 2672 Era·

452 2715 594 2779 tosthenes
617 2715 759 2801 Ephorus
783 2715 885 2780 &ates
907 2715 1106 2801 Hipparchus
1128 2716 1292 2780 Panaetius
1320 2714 1469 2802 Seraphn
1503 2714 1703 2781 Callimachus
1726 2717 1790 2778 Ar·

452 2822 611 2886 amelianus
640 2821 850 2906 Apollodorus
887 2821 1067 2905 Agathocles
1102 2820 1246 2906 Polybius
1292 2822 1431 2887 himarus
1464 2820 1582 2886 Siculus
1616 2821 1790 2886 Herodotus

453 2927 599 3013 Myscelus
619 2928 793 2991 Alexander
813 2927 991 3013 Polyhistor.

557 3055 652 3118 quem
675 3055 738 3098 non
762 3033 804 3098 ab
827 3034 898 3117 ipso
912 3034 1021 3099 Plinio
1044 3055 1114 3099 esse
1132 3036 1344 3119 compositum
1360 3035 1455 3102 facile
1470 3035 1672 3116 concesseris,
1697 3057 1789 3120 prae·

453 3141 566 3205 sertim
589 3161 662 3205 cnm
685 3140 870 3205 Hecataeus
894 3140 1085 3207 Hellanicus
1109 3142 1280 3208 Damastes
1311 3144 1399 3228 apud
1421 3142 1678 3228 Agathemerum
1710 3163 1789 3226 quo·

452 3266 516 3330 que
554 3267 618 3311 una
655 3245 822 3331 legantur:
864 3253 880 3315 1
918 3246 1029 3315 GGM.
1058 3249 1098 3316 II
1128 3253 1204 3318 471.
1251 3271 1290 3316 ac
1326 3252 1434 3333 priore
1474 3258 1568 3336 parte
1604 3271 1708 3334 usque
1745 3251 1789 3317 ad

452 3351 648 3417 Panaetium
665 3358 697 3417 et
713 3350 920 3438 Serapionem
937 3354 1196 3439 geographorum
1211 3355 1351 3421 indicem
1366 3364 1505 3437 exstare,
1527 3357 1560 3421 in
1578 3378 1639 3441 quo
1654 3358 1788 3441 Ephoro

453 3458 622 3545 exceptc³)
645 3461 801 3543 temporis
817 3460 897 3527 ordo
912 3460 1157 3545 diligentissime
1173 3461 1364 3528 observatus
1381 3464 1432 3545 sit,
1449 3469 1538 3530 recte
1552 3463 1788 3530 Kentenichius

452 3567 578 3631 statuit.
632 3572 733 3649 atque
762 3566 918 3632 hactenus
949 3568 1057 3634 omnia
1088 3566 1270 3653 probabilia
1301 3573 1387 3647 sunt,
1420 3590 1505 3652 quac
1536 3568 1592 3634 ille
1626 3570 1785 3653 exposuit.

452 3671 540 3755 quod
563 3691 639 3738 vero
662 3671 798 3737 alteram
822 3680 948 3756 partem
964 3672 1190 3739 historicorum
1207 3672 1399 3740 laterculum
1415 3693 1484 3738 esse
1499 3673 1587 3757 dicit,
1612 3674 1787 3741 admodum

451 3777 635 3845 mirandum
651 3784 711 3848 est.
758 3776 859 3864 quid?
883 3779 1073 3847 Alexander
1088 3779 1276 3865 Palyhistor
1291 3801 1396 3846 nonne
1411 3781 1525 3846 melius
1540 3782 1629 3865 apud
1643 3782 1786 3848 Plinium

450 3886 486 3950 in
509 3886 768 3971 geographorum
791 3887 937 3952 ordinem
960 3894 1110 3971 receptus
1133 3884 1240 3954 esset?
1262 3908 1326 3953 non
1341 3886 1573 3953 Artemidorus
1597 3888 1639 3954 ab
1658 3888 1787 3955 histori-

451 4012 562 4057 corum
590 3993 737 4077 catalogo
767 3994 864 4079 plane
896 3991 1042 4059 alienus?
1087 3995 1199 4077 itaque
1229 4014 1314 4077 quae
1343 4014 1382 4059 cx
1404 3992 1561 4078 bipartito
1594 3994 1700 4060 indice
1730 3993 1786 4061 ille

451 4096 617 4179 conclusit,
641 4099 823 4183 approbare
845 4120 979 4184 nequeo.
1019 4100 1118 4164 immo
1134 4119 1208 4164 cum
1223 4099 1256 4163 in
1272 4099 1376 4164 altera
1390 4105 1484 4183 parte
1499 4099 1578 4164 ordo
1594 4100 1785 4183 conspicuus

448 4202 494 4268 sit
516 4203 634 4286 nullus,
660 4226 729 4270 eam
753 4213 874 4272 temere
896 4205 1069 4272 conflatam
1092 4226 1161 4272 esse
1176 4206 1294 4271 iudico.
1332 4225 1437 4288 neque
1451 4205 1553 4288 igitur
1568 4207 1696 4271 omnino
1712 4227 1785 4272 cum

451 4306 560 4392 priore
583 4308 720 4375 conferri
744 4317 861 4395 potest.
907 4332 991 4396 quae
1015 4332 1087 4377 cnm
1110 4312 1158 4377 ita
1181 4311 1255 4392 sint,
1279 4310 1367 4376 haud
1387 4312 1453 4377 scio
1468 4333 1510 4377 an
1529 4311 1643 4378 melius
1659 4333 1698 4378 ac
1712 4333 1787 4397 pro·

451 4411 591 4479 habilius
625 4437 811 4498 graecorum
843 4424 1012 4485 auctorum
1041 4417 1233 4484 laterculum
1264 4417 1306 4484 ab
1335 4417 1440 4484 indice
1467 4418 1521 4486 IV
1547 4418 1590 4484 ad
1618 4419 1650 4488 V
1678 4426 1711 4485 et
1734 4418 1787 4488 VI

450 4520 648 4587 translatum
671 4542 740 4588 esse
763 4531 952 4601 statuamus,
976 4525 1010 4590 id
1026 4525 1114 4610 quod
1136 4526 1170 4590 in
1185 4523 1342 4591 Romanis
1365 4526 1551 4591 auctoribus
1574 4524 1696 4591 factum
1715 4545 1786 4592 esse

450 4646 550 4710 snpra
581 4626 836 4695 demonstratum
865 4631 1015 4701 arbitror.
1062 4632 1110 4698 sic
1142 4652 1182 4698 ex
1212 4632 1284 4717 lege
1306 4633 1494 4699 Brunniana
1522 4632 1611 4717 apud
1641 4630 1787 4699 Graecos

452 4753 582 4819 quoque
604 4755 719 4818 parum
742 4735 856 4801 auxilii
879 4756 949 4802 esse
970 4737 1190 4803 Kentenichio
1213 4735 1361 4803 concedo.

561 4895 581 4965 ¹)
601 4895 636 4948 de
654 4893 709 4948 alio
728 4892 861 4963 temporis
879 4894 984 4949 indicio
1002 4894 1077 4949 inira
1094 4893 1304 4964 disputabimus.

559 4981 570 5014 ¹

561 4982 582 5143 'h
601 4983 861 5126 huhupmhhhqhnte
880 5070 962 5126 modo
981 5074 1045 5141 post
1063 5070 1278 5126 Eratosthenem
1296 5071 1353 5143 legi
1369 5071 1482 5127 adnoto.
