4275 6025
1022 757 1083 821 161

384 974 524 1039 aliorum
544 967 747 1055 quorundam
764 970 957 1054 scriptorum
972 969 1165 1035 sententiam
1180 975 1303 1035 temere
1317 969 1413 1049 adici,
1429 984 1470 1037 'ex
1485 973 1517 1053 5,
1530 972 1573 1039 79
1589 989 1722 1053 coguos-

383 1081 479 1158 citur,
503 1078 560 1143 nbi
582 1077 666 1143 hanc
687 1076 875 1142 divisionem
898 1076 1046 1159 sequitur
1060 1076 1199 1142 Plinius:
1224 1076 1294 1138 linc
1313 1099 1442 1140 rursus
1456 1074 1560 1162 Syrio,
1576 1079 1722 1141 decimata

387 1185 544 1248 Phoenice.
590 1183 740 1266 Agrippa
762 1203 837 1248 vero
860 1181 1043 1248 excluditur
1065 1203 1105 1248 eo
1120 1182 1207 1266 quod
1221 1181 1347 1266 Syriam
1363 1183 1461 1249 latius
1474 1193 1587 1268 patere
1602 1189 1720 1252 censet.

498 1309 540 1355 ex
562 1289 648 1354 Plini
677 1296 786 1354 autem
818 1288 1007 1355 auctoribus
1036 1311 1121 1355 unns
1150 1291 1312 1355 contrario
1342 1289 1455 1355 ordine
1481 1312 1572 1356 oram
1594 1290 1723 1356 videtur

386 1393 512 1480 legisse.
558 1415 618 1461 nec
648 1397 733 1460 enim
764 1395 845 1461 alias
867 1394 1014 1478 intellegi
1036 1404 1172 1479 possunt
1195 1417 1280 1481 quae
1303 1401 1335 1475 5,
1348 1399 1391 1466 68
1415 1403 1557 1462 esunt:
1585 1393 1673 1460 Gaza
1694 1408 1723 1460 ct

386 1503 467 1565 intas
498 1501 665 1583 Anthedon,
701 1523 785 1587 quae
818 1513 930 1586 operte
964 1501 1048 1567 salsa
1070 1508 1161 1567 sont:
1196 1523 1271 1566 nam
1301 1503 1438 1568 invicem
1469 1523 1522 1566 res
1548 1523 1584 1568 se
1612 1501 1721 1568 babet.

386 1608 499 1691 itaque
521 1609 555 1673 in
578 1606 667 1673 fonte
687 1607 734 1672 sic
748 1606 817 1673 fere
832 1608 990 1692 scriptum
1005 1613 1092 1673 erat:
1113 1603 1288 1694 Ἀνθηδών,
1312 1604 1400 1685 ἐντὸς
1416 1606 1511 1688 Γάζα,
1529 1607 1613 1673 unde
1627 1607 1723 1674 focile

386 1733 479 1778 error
493 1715 581 1779 nasci
595 1714 714 1798 potuit.
751 1735 867 1797 graece
881 1715 980 1780 verba
994 1714 1108 1798 scripsi
1124 1735 1164 1779 ea
1178 1735 1214 1778 re
1226 1720 1404 1779 commotus
1424 1713 1512 1796 quod
1524 1712 1688 1780 Isidorum
1695 1714 1722 1800 1)

387 1820 513 1885 inverso
529 1828 637 1886 tractu
650 1822 844 1905 processisse
859 1819 944 1886 infra
959 1818 1242 1886 demonstrabitur.
1276 1827 1385 1885 tamen
1403 1820 1519 1903 siquis
1535 1818 1723 1885 Mucianum

386 1928 504 1991 erroris
545 1949 659 1993 ansam
700 1926 827 1992 dedisse
870 1927 1061 2011 suspicatur,
1106 1948 1170 1992 non
1208 1926 1313 1991 babeo
1351 1947 1416 2008 quo
1454 1946 1527 1991 eum
1563 1925 1721 1994 refellam.

387 2031 569 2101 Varronem
591 2033 703 2099 eodem
725 2055 821 2098 cursu
837 2054 901 2116 quo
916 2031 1059 2098 Plinium
1076 2053 1144 2098 esse
1162 2053 1368 2116 progressum
1383 2052 1482 2115 supra
1496 2032 1721 2098 indicavimus:

385 2140 428 2209 ci.
451 2161 483 2223 p.
512 2142 583 2209 156.

499 2267 557 2311 cur
579 2266 654 2311 vero
669 2245 797 2311 Plinius
818 2246 872 2312 hic
893 2252 944 2311 tot
958 2252 1107 2312 auctores
1125 2245 1251 2325 adierit,
1278 2266 1414 2329 quorum
1429 2244 1566 2311 disiecta
1579 2245 1723 2311 membra

387 2352 583 2434 agnovimus,
616 2354 644 2417 si
676 2352 747 2436 quis
779 2353 984 2436 quaesiverit,
1017 2352 1052 2416 in
1081 2359 1234 2436 promptu
1265 2351 1327 2416 erit
1361 2349 1448 2433 quod
1478 2349 1721 2435 respondeatur.

387 2464 559 2541 postquam
588 2458 674 2523 enim
696 2457 813 2523 Iudaei
842 2457 1020 2525 defectione
1051 2459 1272 2542 acerrimoque
1300 2457 1386 2523 bello
1408 2457 1518 2523 oculos
1539 2456 1667 2540 imperii
1688 2456 1723 2519 iu

390 2584 425 2627 se
447 2570 683 2644 converterunt,
705 2565 819 2648 procul
842 2563 940 2631 dubio
959 2565 1046 2631 Plini
1068 2586 1167 2650 quam
1190 2565 1329 2630 maxime
1350 2565 1508 2629 intererat
1529 2562 1624 2647 plura
1646 2582 1723 2645 pro·

387 2671 480 2743 ferre,
498 2691 597 2753 quam
612 2672 646 2734 in
661 2672 850 2755 vulgaribus
866 2672 958 2738 libris
973 2671 1171 2738 ferebantur.
1211 2672 1324 2755 itaque
1339 2691 1434 2754 quem
1449 2671 1555 2752 magis
1572 2667 1723 2734 idoneum

387 2777 577 2860 scriptorem
599 2778 743 2843 iuvenire
765 2781 908 2861 potuerit
930 2799 1027 2863 quam
1049 2800 1124 2844 eum
1146 2778 1204 2863 qui
1225 2799 1291 2843 una
1314 2798 1386 2842 oum
1409 2779 1604 2860 imperatore
1618 2777 1722 2841 amico

391 2880 541 2966 Plinique
562 2881 692 2949 fautore
713 2882 835 2949 ibidem
857 2905 910 2949 res
932 2889 1086 2968 gesserat,
1111 2883 1231 2950 frustra
1253 2883 1528 2967 circumspexeris.

500 2995 531 3072 5,
545 2993 587 3060 75
610 2991 735 3057 reditur
758 2990 800 3056 ad
823 3000 1036 3076 crematque
1059 2989 1250 3058 Phoenicen.
1296 2989 1349 3055 hic
1371 3010 1482 3055 rursus
1506 2988 1721 3068 Varroniano,

387 3117 473 3179 quae
510 3097 618 3163 Melae
654 3098 893 3182 comparatione
931 3106 1121 3177 cernuntur,
1164 3098 1352 3163 recentioris
1391 3097 1533 3162 auctoris
1576 3096 1723 3161 doctrina

388 3202 586 3287 amplificata
608 3211 698 3271 eunt:
721 3211 754 3286 5,
767 3210 808 3274 75
833 3205 946 3268 conata
971 3202 1081 3269 Claudi
1105 3202 1243 3269 Caesare
1265 3205 1437 3293 Ptolemais,
1467 3226 1544 3290 pisae
1571 3206 1724 3289 quondam

389 3310 475 3375 Acce.
523 3330 620 3393 quem
642 3312 833 3394 scriptorem
855 3312 972 3376 iterum
989 3311 1176 3377 Mucianum
1200 3331 1270 3377 esse
1289 3312 1366 3377 licet
1380 3313 1516 3395 opinari.
1554 3304 1725 3396 respicitur

388 3417 474 3480 enim
506 3421 537 3498 5,
550 3421 593 3485 77
618 3417 854 3503 Decapolitana
878 3420 979 3503 regio,
1003 3440 1087 3502 quae
1111 3425 1143 3499 5,
1155 3424 1198 3489 74
1222 3439 1296 3484 cum
1318 3418 1497 3484 Mucianeis
1519 3419 1723 3497 describitur,

388 3542 453 3586 non
485 3523 651 3588 nominata
680 3525 765 3590 inter
794 3531 903 3608 partes
927 3523 1043 3609 Syriae
1066 3531 1097 3606 5,
1111 3528 1164 3596 66.
1209 3525 1285 3590 dein
1315 3525 1416 3590 levius
1446 3524 1611 3607 quoddam
1638 3523 1723 3590 addo

388 3636 623 3712 argumentum,
659 3636 768 3695 tamen
802 3630 939 3696 fortasse
972 3652 1037 3696 non
1071 3633 1199 3697 omnino
1233 3630 1460 3716 spernendum:
1496 3632 1608 3698 eadem
1639 3633 1724 3698 enim

389 3736 529 3800 varietas
552 3736 729 3818 eademque
750 3735 919 3803 fluctuatio
948 3739 984 3803 in
1015 3738 1196 3804 nominibus
1219 3738 1371 3819 Iudaicis,
1401 3759 1484 3821 quae
1514 3758 1535 3802 a
1565 3736 1676 3801 littera
1702 3760 1723 3821 p

390 3840 441 3905 vel
462 3864 480 3902 z
504 3842 678 3926 incipiunt:
707 3849 736 3923 5,
750 3848 794 3913 70
819 3841 1051 3929 Goplcnilicom
1078 3845 1171 3914 codd.
1201 3848 1262 3931 (sic
1293 3846 1421 3929 saepius
1449 3844 1638 3929 Iosephus);
1666 3844 1724 3909 sed

389 3948 622 4035 Zoploniticum
636 3950 715 4035 legit
731 3950 902 4019 Robertus.
949 3959 979 4031 5,
994 3959 1036 4023 77
1057 3950 1219 4037 Gimpram
1235 3952 1327 4018 codd.
1345 3956 1376 4036 5,
1391 3954 1433 4020 78
1449 3947 1609 4035 Zimyram
1628 3949 1722 4016 codd·

389 4060 421 4138 5,
435 4059 477 4125 78
499 4054 633 4119 Zt'cordo
655 4056 759 4139 codd,
788 4054 927 4143 &parda
952 4059 1059 4143 vulgo,
1086 4062 1239 4146 I'lycpror
1262 4057 1372 4127 Strab.
1397 4061 1473 4127 755.
1518 4059 1553 4122 in
1583 4057 1644 4123 bec
1673 4058 1724 4122 iu·

388 4164 571 4229 constantia
603 4163 691 4229 baud
725 4166 792 4231 scio
820 4187 863 4231 an
893 4173 1008 4234 auctor
1038 4166 1158 4251 aliquis
1187 4167 1386 4245 ostendatur,
1418 4163 1561 4231 barbara
1593 4164 1724 4229 nomina

390 4271 524 4336 auribus
546 4272 716 4357 excipiens.
763 4273 798 4338 id
821 4275 907 4357 quod
931 4276 973 4340 ad
997 4275 1186 4341 Mucianum
1209 4274 1337 4359 egregie
1359 4272 1539 4358 quadrarit.

490 4384 558 4443 tum
572 4383 653 4459 5,79
664 4380 706 4445 ad
717 4379 819 4445 alium
830 4388 995 4448 auctorem
1006 4384 1174 4460 transitur,
1188 4403 1302 4466 nempe
1313 4380 1355 4446 ad
1368 4401 1442 4445 eum
1453 4379 1511 4463 qui
1522 4378 1724 4445 subtiliorem

387 4485 578 4553 divisionem
607 4492 638 4567 5,
652 4491 695 4558 67
726 4488 906 4573 proposuit.
953 4489 1026 4572 quis
1052 4508 1130 4553 vero
1152 4488 1207 4553 ille
1230 4486 1338 4568 fucrit,
1361 4485 1451 4552 baud
1473 4486 1539 4551 scio
1562 4506 1604 4550 an
1626 4484 1725 4551 liceat

389 4594 536 4659 conicere
558 4594 597 4664 ol.
622 4593 736 4680 Steph.
760 4617 786 4661 s.
809 4617 839 4662 v.
864 4591 986 4681 Ko'pap:
1008 4593 1116 4682 Κάρνη
1138 4592 1236 4672 πόλις
1259 4597 1404 4681 Φοινίκης
1420 4641 1429 4659 .
1446 4640 1455 4658 .
1472 4640 1480 4657 .
1496 4587 1725 4677 Ἀρτεμίδωρος

389 4693 419 4760 ‹l'
442 4694 476 4762 ἓν
496 4705 543 4784 τῷ
565 4699 688 4786 δεκάτῳ
710 4702 825 4787 βιβλίῳ
846 4702 962 4789 φησὶν·
997 4700 1066 4765 ἔστι
1097 4700 1221 4786 Κάρνος
1247 4701 1303 4765 καὶ
1329 4702 1465 4782 συνεχῶς
1486 4697 1622 4775 Πάλιος,
1653 4691 1724 4762 εἶτα

391 4804 522 4888 Γάβαλα
544 4808 652 4886 πόλις.
699 4810 891 4895 quibuscum
920 4809 1066 4876 conferas
1095 4809 1260 4875 Pliniana:
1296 4810 1412 4895 oppida
1448 4804 1546 4871 Carne
1581 4804 1724 4869 Balanea

391 4912 497 4977 Palma
516 4912 650 4982 Gabala.
696 4917 813 5003 quibus
836 4939 876 4983 ex
898 4917 1025 5002 oppidis
1049 4917 1175 4984 nullum
1197 4916 1285 5003 apud
1304 4916 1424 4983 Melam
1446 4920 1724 4983 commemoratur.

500 5145 523 5213 ¹)
542 5142 577 5197 de
594 5159 627 5197 eo
644 5144 728 5213 paulo
745 5148 811 5214 post
828 5143 914 5199 verbo
930 5143 1058 5199 facienda
1076 5150 1148 5201 sunt.

443 5239 535 5289 Klots,
549 5240 693 5290 tunsone·
705 5241 825 5287 rusinae
1529 5234 1561 5287 11
