4275 6025
1027 724 1090 788 141

953 810 1166 823 t-——-—-

392 934 514 1016 relis¹),
538 932 699 1000 recentior
714 930 848 1015 quidam
871 938 985 998 auctor
998 931 1062 998 fuit
1084 932 1262 1000 adeundus.
1309 934 1450 1017 denique
1471 939 1503 1017 4,
1520 938 1563 1004 71
1580 936 1613 998 ic
1627 946 1727 999 cocao

391 1062 463 1105 ccco
481 1038 559 1104 Tlc‘a
573 1041 658 1104 icccc
673 1042 791 1105 casdem
813 1050 900 1103 cocta
928 1039 1076 1105 additum
1103 1046 1154 1106 est
1180 1040 1293 1124 procul
1315 1039 1412 1107 dubio
1436 1062 1476 1107 ex
1498 1042 1581 1108 actis
1603 1042 1729 1109 diurnis

392 1147 463 1213 sim.
488 1146 528 1212 cf.
553 1148 583 1228 2,
601 1148 676 1217 202.
724 1146 780 1212 sed
803 1146 883 1211 haec
904 1167 1010 1230 pauca
1033 1152 1129 1212 suntz
1164 1146 1199 1211 in
1232 1148 1418 1212 universum
1439 1147 1607 1233 Europam
1634 1151 1729 1216 meri·

392 1252 553 1318 dionalem
590 1252 636 1319 eis
673 1272 754 1336 quos
785 1251 852 1318 dixi
885 1251 1073 1319 auctoribus
1107 1251 1236 1318 Plinius
1269 1253 1422 1319 tractarit
1451 1274 1490 1319 ac
1522 1255 1724 1340 periegeseos

392 1359 595 1443 potissimum
628 1365 794 1424 auctorem
828 1356 1011 1439 Varronem
1046 1355 1172 1423 habuit.
1222 1357 1435 1441 quamobrem
1469 1379 1543 1426 eum
1576 1382 1617 1429 ne
1650 1370 1730 1430 tunc

394 1465 525 1549 quidem
547 1463 674 1546 abiecit,
710 1462 851 1530 cunrad
879 1468 993 1529 extera
1015 1463 1177 1547 Europae,
1213 1461 1301 1529 Plini
1330 1466 1438 1529 aetate
1467 1466 1571 1533 multo
1600 1471 1730 1536 notiora

395 1592 494 1655 quam
518 1570 687 1651 Varronis,
717 1590 865 1655 egressus
894 1574 952 1639 est.
999 1568 1042 1635 ad
1076 1569 1163 1635 hunc
1185 1569 1271 1635 enim
1297 1570 1413 1653 procul
1439 1570 1538 1638 dubio
1559 1574 1732 1643 referenda

394 1684 470 1743 sunt
493 1698 575 1761 quae
598 1682 630 1757 4,
647 1680 743 1762 9400.
767 1676 906 1743 testibus
929 1675 1062 1743 Timaeo
1085 1675 1254 1742 Hecataeo
1276 1676 1350 1741 aliis
1368 1678 1553 1758 traduntur,
1577 1689 1730 1766 exparte

395 1784 510 1849 saltem
526 1784 706 1868 Pytheana.
723 1784 914 1868 antiquioris
937 1788 1047 1850 autem
1062 1783 1197 1867 originis
1220 1804 1294 1849 cum
1315 1784 1382 1850 alia
1401 1785 1585 1852 testimonia
1600 1785 1729 1870 adsunt,

395 1898 466 1956 tum
487 1889 608 1975 Ripaei
630 1895 766 1968 montes,
791 1889 848 1972 qui
870 1888 989 1954 iterum
1012 1895 1183 1973 apparent,
1211 1890 1270 1957 ubi
1291 1892 1467 1959 secundum
1490 1893 1730 1963 Varronianam

392 1996 641 2080 descriptionem
671 1996 714 2062 ad
743 2001 856 2061 extera
879 1995 982 2061 Asiae
1003 1994 1131 2062 Plinius
1162 2004 1329 2082 evagatur,
1361 2021 1427 2083 quo
1456 2000 1527 2067 loco
1559 2003 1731 2069 simillimis

393 2102 499 2169 verbis
514 2103 632 2169 utitur:
658 2104 690 2180 6,
707 2105 751 2171 33
773 2124 853 2165 ncnc
875 2102 1010 2165 omuibus
1033 2125 1109 2188 quae
1130 2114 1200 2167 cunt
1213 2103 1306 2167 Asiae
1328 2105 1473 2169 interiora
1490 2107 1578 2171 dicta
1596 2107 1731 2194 Rapaces

395 2221 505 2275 montes
527 2212 716 2275 transcendat
738 2212 868 2283 animus,
899 2211 1060 2295 00000000
1090 2209 1175 2273 litore
1206 2211 1308 2273 000001
1333 2212 1732 2295 100000101494000-

396 2318 511 2380 stadum
537 2319 641 2381 deinde
673 2328 715 2381 eat
742 2327 776 2379 ut
806 2327 906 2381 catera
929 2313 1075 2401 Europae
1108 2317 1257 2398 dicantur,
1292 2319 1542 2403 transgressisque
1575 2318 1732 2405 Riphaeos

396 2435 506 2487 montes
529 2424 598 2487 litata
621 2423 976 2509 0000010000οὼπαίιο
998 2425 1032 2486 irs
1054 2422 1138 2487 10000
1161 2424 1251 2487 00000
1269 2425 1463 2508 perucac‘ctar
1481 2422 1615 2511 (100101)
1637 2424 1732 2509 legen·

395 2532 478 2596 diam.
524 2530 616 2596 initio
644 2535 753 2595 autem
782 2536 814 2607 4,
831 2531 874 2599 97
909 2528 1071 2613 quaedam
1104 2535 1234 2595 exstant
1267 2550 1350 2614 quae
1373 2529 1532 2598 Varronis
1564 2550 1634 2597 0000
1667 2552 1733 2597 000

398 2641 550 2719 possunt:
574 2655 614 2701 ea
635 2655 710 2701 vero
732 2633 860 2701 Plinius
882 2635 952 2718 ipse
974 2635 1053 2700 satis
1077 2634 1204 2700 curarit
1225 2640 1264 2699 ut
1285 2634 1400 2701 addita
1422 2656 1491 2701 esse
1507 2657 1548 2701 ex
1563 2636 1627 2702 alio
1642 2635 1733 2703 fonte

396 2747 651 2824 cognosceretur,
682 2762 719 2807 eo
743 2742 830 2825 quod
853 2741 1040 2825 pronomine
1063 2742 1211 2825 quidam
1233 2741 1495 2807 introducuntur.
1538 2742 1622 2808 adde
1645 2742 1732 2826 quod

402 2846 513 2915 Vistla
527 2846 643 2913 fluvius
658 2848 798 2933 primum
810 2847 897 2933 apud
909 2847 1094 2932 Agrippam
1108 2854 1385 2916 commemoratur.
1412 2846 1583 2914 Sarmatae
1604 2868 1734 2932 qnoque

397 2973 419 3019 a
442 2954 600 3038 periegesi
623 2954 758 3038 antiqua
780 2953 879 3019 alieni
901 2958 986 3022 sunt.
1026 2952 1069 3020 ad
1093 2973 1165 3020 eam
1179 2974 1293 3020 rursus
1316 2959 1464 3039 spectant
1487 2974 1571 3039 quae
1594 2953 1635 3020 de
1657 2974 1734 3039 pro-

398 3061 568 3126 munturio
585 3059 748 3127 cimbrico
772 3061 935 3143 dicuntur,
959 3060 1016 3128 ubi
1031 3060 1191 3130 Varronis
1213 3082 1393 3128 sermonem
1415 3082 1555 3146 agnosco
1576 3061 1734 3146 imprimis

397 3165 431 3229 in
454 3165 552 3231 verbo
571 3167 774 3231 excurrendi:
800 3164 841 3232 cf.
864 3170 1058 3250 3,38.100.
1078 3169 1151 3236 129.
1175 3171 1207 3248 4,
1224 3169 1277 3235 23.
1302 3170 1377 3236 107.
1402 3171 1477 3237 113.
1516 3166 1735 3234 adnectuntur

398 3271 535 3336 XXIII
563 3275 635 3338 inde.
667 3273 781 3338 iuratae
812 3273 960 3336 11000010
987 3273 1082 3336 armes
1108 3273 1241 3357 cognitur
1267 3293 1335 3358 eqs.
1359 3294 1400 3338 ex
1432 3274 1612 3340 recentiore
1646 3273 1735 3338 fonte

398 3377 701 3458 additamentuml).

509 3505 607 3569 porro
629 3484 723 3550 initio
739 3485 963 3570 descriptionis
979 3483 1176 3552 Germaniae
1191 3484 1319 3551 Plinius
1341 3490 1374 3567 4,
1387 3487 1430 3554 98
1452 3485 1645 3552 inmodicam
1660 3506 1735 3569 pro·

398 3590 542 3656 dentium
565 3589 759 3657 discordiam
782 3593 940 3677 queritur.
986 3613 1025 3658 ac
1047 3613 1126 3659 sane
1147 3592 1368 3677 compluribus
1390 3591 1579 3659 auctoribus
1606 3592 1734 3658 111000-

399 3718 475 3763 0000
497 3717 575 3762 0000
598 3703 657 3762 est
704 3703 804 3781 atquo
826 3720 904 3766 orae
931 3720 1115 3766 mensnram
1137 3698 1281 3768 Varroni
1303 3697 1487 3765 adscribere
1516 3699 1593 3764 11001
1623 3698 1736 3782 aliqua

399 3823 472 3868 cum
502 3801 743 3887 probabilitate.
794 3826 899 3890 nequa
932 3808 1017 3873 enim
1049 3807 1092 3872 ab
1123 3805 1189 3873 alio
1222 3805 1370 3872 Romano
1401 3803 1587 3888 geographo
1617 3824 1657 3869 ex
1687 3804 1735 3868 eis

400 3909 539 3993 quidem,
558 3909 676 3992 quibus
692 3911 787 3994 plura
801 3911 929 3978 Plinius
945 3912 1051 3992 debet,
1064 3911 1212 3980 Graecos
1227 3912 1377 3978 laudatos
1393 3932 1463 3977 0000
1477 3910 1735 3976 demonstratum

400 4019 459 4080 est.
505 4016 694 4099 pronomine
715 4038 790 4083 vero
813 4020 938 4104 quidam
960 4024 1074 4086 auctor
1095 4018 1270 4084 admodum
1301 4016 1429 4100 amplus
1459 4015 1630 4081 indicatur.
1676 4015 1734 4099 qui

400 4142 473 4186 cum
496 4128 572 4186 ante
587 4123 770 4208 Agrippam
794 4131 1072 4203 commemoretur,
1096 4125 1149 4190 vix
1171 4123 1256 4189 alius
1279 4143 1317 4190 ac
1332 4121 1439 4190 Varro
1459 4127 1518 4187 est.
1564 4126 1736 4205 praeterea

400 4230 612 4295 recentiorem
636 4231 777 4315 aliquem
799 4237 930 4315 praeter
952 4231 1146 4317 Agrippam,
1169 4231 1260 4297 auius
1283 4251 1398 4295 noman
1427 4228 1585 4312 adfertur,
1616 4248 1736 4313 agnos-

509 4477 533 4547 ¹)
552 4477 595 4531 oui
618 4476 743 4546 opinioni
764 4477 855 4547 ipsum
882 4477 999 4533 Neronis
1025 4495 1127 4532 nomen
1159 4475 1362 4545 quodammodo
1387 4475 1500 4530 ridetur
1526 4473 1628 4528 lavere.
1669 4488 1737 4526 nam

401 4563 539 4619 Domitius
566 4563 642 4619 Nero
669 4565 774 4619 dicitur
799 4565 847 4619 ubi
873 4564 981 4619 Plinius
1008 4567 1069 4634 ipsa
1096 4563 1202 4633 aliquid
1228 4563 1264 4619 dc
1291 4580 1324 4618 eo
1350 4563 1479 4623 000110.
1502 4579 1529 4632 g.
1548 4563 1632 4630 122.
1651 4562 1678 4630 2,
1691 4561 1736 4630 92,

401 4655 498 4706 000100
517 4651 590 4707 Nero
609 4653 746 4723 princeps,
766 4653 813 4708 ubi
831 4654 988 4724 legatorum
1006 4654 1156 4708 relationes
1174 4653 1235 4707 sim.
1254 4653 1424 4708 referuntur:
1444 4653 1469 4720 6,
1482 4653 1526 4709 40.
1546 4652 1607 4707 181.
1657 4656 1660 4662 ’

509 4739 533 4811 ¹)
552 4742 670 4796 maxime
682 4741 805 4797 notabile
818 4746 861 4796 001
873 4741 995 4798 Gadibus
1012 4741 1058 4796 hic
1071 4741 1156 4796 finem
1168 4741 1299 4796 constitui
1311 4740 1515 4810 descriptionis.
1535 4756 1600 4795 nam
1613 4755 1630 4792 a
1642 4736 1735 4792 Plinio

401 4829 463 4897 ipso
480 4845 567 4897 usque
585 4830 622 4889 ad
639 4832 732 4886 Anam
750 4835 860 4886 tantum
873 4831 985 4886 ducitur
1003 4832 1142 4888 circuitus.
1178 4832 1274 4902 itaqua
1291 4848 1309 4885 a
1326 4829 1591 4901 septentrionalibus
1602 4827 1735 4896 lrluropae

401 4916 526 4986 partibus
545 4935 631 4987 usqua
649 4920 685 4974 ad
703 4919 790 4976 Gadis
809 4920 942 4976 Varronis
961 4937 1072 4974 cursum
1090 4920 1222 4990 sequitur.

510 5007 532 5077 ⁸)
551 5007 587 5063 01.
606 5006 790 5073 Detlstssnus,
817 5008 861 5064 dte
877 5005 1059 5078 Eatdmtssp
1085 5007 1131 5064 der
1155 5007 1360 5080 9000000100
1378 5007 1505 5070 Nordeas
1530 5006 1569 5062 im
1587 5005 1735 5061 01100100.

402 5094 520 5164 Quellen
537 5097 595 5151 und
612 5097 809 5169 Porscbungen
826 5114 875 5152 cur
893 5098 970 5152 alten
988 5096 1156 5152 Gesobicbte
1174 5097 1232 5151 und
1247 5096 1424 5168 Geogmpbic
1436 5096 1510 5154 VllI
1523 5096 1594 5152 1904
1612 5111 1639 5163 p.
1653 5094 1736 5162 3700.
