4275 6025
1054 673 1121 738 214

422 903 495 950 cum
510 883 559 950 ita
575 884 650 965 sint,
675 881 851 952 Sallustius
873 884 1003 950 minime
1025 882 1202 950 communis
1218 882 1349 951 illorum
1365 889 1552 965 auctorest,
1572 883 1616 952 ad
1630 884 1751 953 Melam

421 997 553 1076 praeter
575 991 671 1057 huius
695 978 874 1057 doctrinam
897 991 1099 1059 Sallustiana
1120 989 1249 1058 fluxisse
1272 993 1415 1059 minime·
1429 992 1582 1059 abhorret
1604 1013 1625 1058 a
1647 991 1753 1076 specis

422 1098 579 1165 veritatis.
657 1088 661 1096 ’

534 1225 599 1290 qno
629 1225 703 1270 cum
733 1203 804 1270 loco
827 1203 987 1270 artissime
1010 1223 1166 1270 conexum
1190 1208 1241 1271 est
1263 1203 1378 1289 fragm.
1404 1207 1435 1284 2,
1454 1207 1473 1274 3
1496 1223 1561 1288 quo
1584 1202 1754 1271 Sardiniae

421 1335 538 1380 nomen
561 1311 736 1379 Ichnusam
760 1309 877 1396 Crispo
899 1308 1029 1379 Solinus
1045 1310 1203 1378 adscribit
1217 1317 1250 1392 4,
1264 1318 1298 1392 13
1321 1332 1391 1378 rem
1406 1313 1461 1378 ille
1476 1313 1584 1398 tetigit
1598 1311 1660 1397 frg.
1677 1316 1709 1392 2,
1721 1316 1752 1383 2.

422 1419 549 1486 Plinius
584 1427 693 1486 autem
729 1439 769 1483 ex
795 1416 904 1483 libello
934 1416 992 1482 illo
1022 1417 1063 1483 ds
1093 1416 1206 1482 insulis
1235 1411 1348 1502 postea
1377 1417 1505 1484 addidit
1535 1422 1565 1500 3,
1583 1423 1626 1488 85
1656 1420 1754 1506 apuam

427 1526 565 1591 Timaeus
597 1525 798 1592 sandaliotim
834 1527 996 1615 appellauit
1028 1527 1066 1590 ab
1096 1526 1191 1614 effipia
1218 1528 1327 1607 soleae,
1361 1526 1508 1612 Myrsilus
1541 1527 1702 1591 Ichnusam
1736 1551 1755 1590 a

423 1634 616 1700 similitudine
637 1637 758 1720 serapii.
797 1657 881 1720 quae
904 1656 968 1718 quc
990 1635 1061 1701 inre
1085 1633 1256 1701 Schweder
1272 1655 1312 1701 ex
1328 1632 1483 1700 Sallustio
1498 1633 1645 1719 quolibet
1660 1633 1754 1700 modo

422 1741 564 1827 pendere
587 1741 684 1823 dieat,
709 1742 806 1827 plane
829 1742 971 1808 animum
994 1761 1101 1807 meum
1131 1746 1273 1826 superat.
1319 1746 1355 1806 at
1377 1741 1503 1825 egregie
1525 1739 1755 1826 comprobatur

423 1848 560 1917 Sallusti
593 1855 758 1916 auctorem
789 1870 856 1916 esse
887 1849 1024 1915 eundem
1051 1869 1147 1934 quem
1169 1847 1267 1918 Plini.
1313 1849 1424 1932 itaque
1445 1868 1640 1932 anonymum
1662 1847 1755 1914 illum

423 1953 569 2021 libellum
592 1960 728 2040 uterque
761 1955 931 2022 consuluit.
977 1953 1063 2021 unde
1095 1953 1192 2021 huius
1223 1960 1351 2039 tempus
1374 1955 1476 2021 artius
1499 1953 1598 2020 etiam
1620 1953 1754 2019 circnm-

423 2061 585 2142 scribitur‚
610 2059 651 2127 cf.
676 2082 774 2145 supra
797 2083 828 2145 p.
846 2064 942 2146 29sq.
989 2059 1126 2126 adnecto
1149 2059 1227 2129 Sall.
1251 2060 1325 2128 hist.
1348 2059 1410 2143 frg.
1433 2063 1463 2143 2,
1482 2064 1501 2130 5
1525 2071 1559 2122 ut
1580 2058 1637 2123 alii
1658 2060 1753 2123 uadi-

423 2171 530 2233 daruut
558 2168 728 2233 Tartessum
759 2167 930 2253 Hispaniae
959 2169 1116 2250 medatem,
1148 2190 1240 2252 quam
1269 2190 1347 2231 uuae
1381 2168 1469 2252 Tyrii
1497 2177 1609 2230 memte
1638 2166 1756 2230 uomina

429 2273 549 2341 Gaddir
583 2275 699 2341 tatur.
757 2296 894 2359 quocum
929 2271 1100 2341 Schweder
1134 2279 1301 2358 comparat
1335 2274 1421 2341 Plin.
1460 2277 1575 2354 4,120
1612 2275 1756 2337 messem

423 2381 554 2445 inustam
588 2377 757 2462 (Gadium)
797 2381 933 2444 Timacus
967 2382 1157 2445 Petimusem
1191 2403 1211 2443 u
1240 2381 1340 2467 puteis
1377 2382 1533 2445 cedulam
1571 2383 1624 2455 ait,
1662 2382 1758 2446 uestri

427 2490 571 2553 Tarteson
603 2487 764 2574 appellant,
801 2489 895 2551 Posui
925 2485 1033 2572 Gadir,
1061 2489 1104 2551 ite
1136 2488 1255 2552 Punica
1285 2488 1389 2573 liupae
1418 2510 1537 2574 saepem
1565 2488 1756 2574 sipne'fieautc.

423 2595 575 2662 Pliniana
598 2616 639 2661 ex
662 2594 773 2661 libello
796 2594 851 2660 illo
868 2594 908 2660 de
922 2595 1036 2662 insulis
1051 2594 1182 2660 fluxisse
1198 2600 1285 2661 recte
1300 2595 1538 2662 Kentenichius
1553 2595 1574 2661 1.
1591 2593 1613 2664 l.
1630 2595 1755 2663 statuit.

424 2703 552 2770 diversa
575 2703 659 2768 enim
682 2707 731 2769 est
753 2702 899 2786 primarii
922 2703 1010 2769 Plini
1033 2702 1205 2787 Melasque
1228 2703 1368 2769 auctoris
1390 2702 1566 2769 sententie:
1589 2701 1674 2770 Plin.
1692 2702 1755 2780 3,7

427 2808 575 2876 Carteia
602 2809 736 2874 Tartesos
759 2832 778 2872 a
806 2807 928 2874 Graecu
951 2811 1040 2876 dicta.
1072 2810 1159 2877 Mela
1182 2813 1213 2890 2,
1226 2812 1268 2880 96
1294 2807 1440 2875 Carteia
1461 2821 1495 2873 ut
1509 2810 1635 2896 quidum
1648 2819 1758 2896 putant

425 2917 588 3005 aliquando
622 2917 757 2982 tartesos
766 2916 799 3000 1).
844 2917 957 3001 itaque
989 2937 1027 2982 eo
1057 2917 1128 2982 loco
1159 2916 1291 2981 minime
1321 2915 1478 2999 probatur
1508 2913 1702 2982 Sallustium
1722 2915 1757 2980 in

425 3046 536 3091 eorum
559 3024 722 3090 communi
744 3023 833 3089 fonte
856 3022 1038 3089 adhibitum
1062 3042 1142 3090 esse.
1177 3022 1233 3089 sed
1256 3022 1297 3087 de
1319 3022 1425 3088 Plinio
1448 3027 1480 3102 4,
1495 3026 1559 3093 120
1581 3022 1756 3089 videamus.

425 3152 488 3197 nou
520 3151 733 3197 commemoro
768 3129 994 3215 etymologiam
1021 3129 1161 3196 nominis
1194 3127 1312 3196 Punici
1346 3129 1434 3216 apud
1468 3129 1659 3198 Sallustium
1693 3150 1757 3196 non

424 3236 511 3303 tradi
555 3276 594 3286 —
630 3258 706 3303 nam
737 3238 766 3303 si
797 3238 870 3322 quis
905 3259 975 3303 eam
998 3236 1208 3323 sequentibus
1241 3237 1348 3303 verbis
1380 3260 1464 3324 quae
1494 3239 1670 3323 perierunt,
1705 3259 1756 3304 ex-

424 3345 562 3429 positam
595 3343 694 3410 fuisse
718 3344 928 3424 contenderit,
952 3366 1016 3411 non
1039 3344 1167 3411 habebo
1191 3367 1255 3430 quo
1279 3367 1353 3413 eum
1374 3345 1523 3429 refutem,
1547 3384 1591 3395 -
1614 3344 1671 3411 sed
1694 3366 1757 3430 qno

424 3452 495 3518 loco
526 3450 584 3516 illa
615 3449 791 3519 Sallustius
821 3443 949 3535 dixerit,
979 3453 1076 3519 velim
1103 3454 1246 3521 animum
1267 3453 1427 3521 intendas.
1474 3454 1651 3521 rectissime
1673 3453 1758 3519 enim

425 3554 700 3623 Maurenbrecher
724 3558 758 3623 in
785 3558 861 3624 belli
886 3558 1115 3644 Hispaniensis
1145 3562 1332 3626 sanatione
1363 3582 1403 3627 es
1429 3560 1514 3627 lecta
1537 3582 1606 3627 esse
1627 3560 1759 3645 negavit

425 3667 558 3747 propter
580 3661 680 3729 verba
704 3662 876 3749 Hispaniae
898 3665 1051 3741 mutuum,
1081 3686 1161 3750 quse
1188 3668 1222 3731 in
1245 3666 1427 3753 Hispaniae
1453 3666 1667 3751 descriptione
1693 3687 1758 3733 non

426 3768 520 3835 modo
537 3769 650 3849 otiosa,
676 3770 733 3836 sed
748 3770 949 3855 ineptissima
965 3777 1081 3838 essent.
1112 3774 1224 3857 itaque
1240 3774 1267 3839 si
1289 3794 1454 3859 umquam,
1477 3774 1531 3840 hie
1552 3773 1757 3860 perspicitur,

425 3876 460 3943 id
483 3875 569 3962 quod
593 3877 665 3961 ipsa
688 3898 725 3942 rs
754 3878 925 3945 verisimile
957 3885 1015 3960 est,
1047 3881 1249 3966 geographos
1280 3902 1343 3947 non
1367 3881 1409 3949 ab
1432 3881 1584 3948 historico
1607 3880 1756 3966 pendere,

426 3984 482 4050 sed
504 3984 591 4050 hunc
613 3984 655 4049 ab
678 3984 790 4069 aliquo
813 3986 1005 4071 geographo.

537 4113 597 4157 nec
619 4090 698 4157 haec
721 4095 881 4159 sententia
904 4094 1109 4179 infringetur,
1133 4094 1191 4160 nbi
1215 4094 1294 4167 Sall.
1318 4096 1393 4162 hist.
1410 4097 1471 4181 irg.
1489 4102 1520 4176 4,
1537 4096 1669 4166 26-29
1685 4116 1758 4161 cum

425 4198 533 4265 Plinio
557 4201 587 4269 3.
605 4200 660 4269 86.
685 4200 727 4268 87
752 4204 785 4264 et
807 4198 895 4266 Mela
918 4203 1041 4278 2115.
1067 4204 1131 4285 116
1156 4204 1454 4287 comparaverimus.
1500 4202 1555 4268 ille
1578 4202 1757 4266 enimcum

426 4304 635 4389 fugitivorum
659 4304 849 4372 seditionem
872 4313 1048 4388 enarraret,
1073 4305 1190 4375 Italiae
1212 4308 1373 4374 inferioris
1398 4309 1593 4393 Siciliaeque
1616 4307 1757 4394 descrip-
1875 4296 1878 4301 ’

427 4412 548 4476 tionem
579 4410 822 4495 proponendam
852 4411 1027 4480 lectoribus
1060 4420 1154 4480 ratus
1184 4420 1243 4480 est.
1289 4416 1411 4500 inqua
1441 4437 1518 4483 sane
1540 4416 1651 4481 insunt
1673 4435 1757 4499 qnae

427 4520 544 4584 mirum
574 4518 607 4583 in
638 4518 769 4585 modum
800 4540 872 4585 cum
903 4519 1037 4604 siugulis
1060 4519 1149 4585 Plini
1178 4519 1348 4605 Melasque
1379 4520 1486 4588 verbis
1509 4520 1757 4603 eonsentiautl).

427 4644 467 4690 ex
496 4623 604 4692 Plinio
633 4632 741 4691 autem
772 4626 975 4711 potissimum
1006 4626 1237 4693 conferendum
1272 4634 1334 4695 est:
1367 4631 1398 4708 3,
1415 4631 1457 4699 87
1488 4630 1521 4692 iu
1546 4649 1579 4693 co
1605 4627 1686 4714 freto
1717 4638 1760 4692 est

426 4732 561 4818 scopulus
593 4730 706 4817 Scylla,
737 4733 806 4797 item
830 4730 999 4819 Charybdis
1024 4756 1108 4797 mare
1137 4735 1320 4807 verticosum,
1345 4736 1432 4800 umbo
1455 4735 1539 4798 elstra
1561 4736 1694 4809 samua,
1719 4755 1758 4801 ex

426 4838 515 4905 Mela
538 4842 569 4918 2,
587 4843 650 4909 115
674 4839 777 4926 Scylla
799 4862 908 4904 sucum
931 4852 981 4920 est,
1008 4840 1175 4922 Charybdis
1190 4863 1281 4916 usare,
1304 4852 1462 4926 utrumque
1476 4843 1600 4905 accium
1615 4841 1756 4928 adpulsu

426 4955 638 4966 a—--—-—-

537 4998 557 5068 ¹)
577 4997 611 5053 cf.
623 4998 707 5053 etiam
717 4996 796 5053 Hier.
805 4998 835 5052 in
848 4997 909 5055 Gal.
920 5002 936 5055 2
949 5000 1035 5069 praei.
1048 4999 1180 5070 oppidum
1192 4999 1343 5055 Tartessos
1351 4998 1423 5068 crud
1430 5016 1505 5055 uuus
1513 5001 1628 5055 uenter
1637 4996 1757 5055 Carteia

535 5086 555 5157 ¹)
575 5086 610 5141 de
627 5086 705 5158 gravi
723 5085 842 5156 quadam
860 5086 1020 5142 diversitate
1037 5087 1120 5143 modo
1137 5105 1165 5156 p.
1185 5089 1236 5144 213
1255 5086 1371 5157 egimus.
