4275 6025
1010 715 1053 780 47

366 933 479 1016 115555
502 951 701 1014 quamquam
721 950 838 1013 parum
853 927 1020 994 lucramur
1033 925 1091 992 illo
1106 925 1300 994 nominabis
1315 928 1350 994 in
1365 924 1524 993 indicibus
1539 925 1702 1006 restituto,

367 1043 477 1104 tamen
499 1058 520 1102 a
542 1038 608 1102 situ
630 1034 840 1101 vindicandus
863 1033 935 1102 luit.

474 1142 720 1210 Metrodorus
743 1143 829 1207 inter
850 1140 956 1206 fontes
979 1138 1138 1205 librorum
1161 1141 1248 1208 3-6
1271 1139 1435 1220 laudatur,
1458 1139 1493 1204 in
1511 1139 1590 1224 ipsis
1609 1136 1703 1204 libris

369 1253 478 1334 5,136
502 1271 542 1316 ex
564 1249 673 1316 libello
697 1248 754 1315 illo
776 1248 817 1314 de
843 1247 958 1313 insulis
989 1251 1022 1311 et
1055 1247 1165 1327 3,122
1190 1245 1254 1313 ‘ubi
1285 1267 1344 1331 per
1365 1244 1527 1331 Nepotem
1557 1266 1632 1311 eum
1660 1244 1703 1310 ad

368 1358 510 1426 Plinium
541 1357 724 1444 pervenisse
753 1353 921 1432 munuera
951 1354 1097 1419 coniecit.
1152 1354 1205 1419 cui
1243 1353 1385 1438 opinioni
1415 1353 1492 1420 licet
1525 1353 1595 1436 ipsc
1627 1350 1704 1416 sub-

368 1464 508 1532 scribere
530 1463 686 1544 dubitem,
710 1469 819 1530 tamen
841 1462 948 1546 ipsum
971 1482 991 1526 a
1013 1459 1122 1525 Plinio
1152 1482 1217 1525 non
1245 1460 1425 1544 inspectum
1455 1480 1524 1524 esse
1554 1458 1702 1524 concedo.

476 1572 516 1638 de
538 1571 825 1657 Nymphodoro,
856 1569 912 1653 qui
935 1564 1125 1653 περιήγησιν
1147 1565 1322 1652 scripsitl),
1353 1567 1450 1651 plane
1472 1566 1554 1632 nihil
1576 1563 1704 1631 efficere

369 1679 461 1764 potui
482 1716 527 1727 —
549 1679 703 1745 laudatur
725 1683 835 1743 autem
857 1679 987 1759 praeter
1009 1673 1134 1739 indices
1156 1677 1176 1743 3
1201 1679 1233 1739 et
1257 1677 1277 1743 5
1309 1676 1396 1752 7,17
1427 1693 1468 1738 ex
1490 1671 1639 1740 Varrone
1672 1676 1704 1736 et

368 1784 531 1871 Isigono³)
554 1823 599 1833 —
621 1783 708 1850 idem
730 1782 818 1850 valet
841 1781 882 1847 de
915 1779 1132 1846 Periandro
1167 1781 1235 1845 sive
1267 1778 1441 1846 Pindaro
1480 1778 1561 1865 (ind.
1597 1780 1633 1865 5)
1672 1784 1706 1844 et

370 1891 513 1960 Sotade
539 1891 618 1971 (ind.
641 1890 686 1978 5).

477 1997 616 2082 (1551555
637 2019 697 2063 555
719 1994 1029 2081 Theophrastum
1056 1993 1102 2080 (3,
1120 1994 1176 2074 57)
1200 1990 1563 2078 Pheopompumque
1586 1993 1634 2075 (3,
1650 1994 1703 2061 57.

371 2108 425 2176 98.
448 2109 479 2185 4,
491 2106 525 2183 2)
555 2123 616 2168 555
637 2102 882 2188 Timagenem
913 2099 1052 2186 (5135)
1081 2100 1169 2184 15555
1198 2098 1306 2164 Plinio
1340 2104 1471 2184 praesto
1504 2097 1605 2164 fuisse
1636 2097 1706 2182 quis

371 2211 501 2276 dixerit.

481 2315 545 2380 iam
568 2314 665 2397 longo
688 2333 785 2378 cursu
806 2317 937 2397 peracto
960 2313 1017 2378 551
1040 2312 1162 2378 1511555
1185 2312 1271 2395 15555
1287 2310 1553 2396 contemplamur,
1576 2309 1706 2375 minime

375 2420 514 2488 concedo
530 2417 748 2487 0555155555
758 2417 795 2504 ⁴),
818 2419 955 2484 indicem
978 2419 1067 2484 tertii
1090 2417 1179 2483 librii
1196 2413 1332 2483 Graecis
1348 2415 1485 2482 exulatis
1501 2416 1706 2480 decurtatum

374 2549 444 2594 esse
465 2547 525 2593 nec
547 2525 626 2591 mihi
641 2525 798 2611 probatur
820 2526 907 2611 quod
924 2548 964 2592 ex
978 2526 1040 2591 hac
1056 2526 1242 2591 coniectura
1256 2524 1342 2590 idem
1356 2524 1406 2588 vir
1420 2522 1534 2588 doctus
1550 2521 1707 2588 conclusit

372 2634 414 2701 ab
444 2633 537 2699 initio
568 2633 753 2698 coniunctos
782 2632 881 2698 fuisse
908 2633 943 2696 in
969 2630 1307 2698 5555115555513.
1331 2629 1477 2697 41155.
1501 2630 1533 2699 3.
1586 2628 1643 2694 sed
1672 2629 1706 2693 in

371 2741 469 2807 tertio
491 2740 576 2806 libro
599 2759 672 2804 cum
695 2738 735 2803 de
758 2736 915 2803 Romanis
945 2743 982 2802 ut
1011 2737 1059 2803 ita
1091 2735 1197 2802 dicam
1228 2735 1316 2801 orbis
1345 2734 1494 2820 partibus
1526 2732 1707 2801 50555515

370 2847 529 2912 rationem
552 2843 697 2909 mutuari
720 2841 866 2909 Plinium
887 2842 1034 2926 puderet,
1059 2843 1139 2928 quid
1155 2843 1273 2907 mirum
1288 2841 1427 2927 5155551
1442 2846 1570 2907 tantum
1586 2839 1707 2908 Graeci

371 2953 404 3019 in
427 2950 532 3017 indice
555 2971 683 3036 quoque
711 2947 1025 3017 commemorantur?
1071 2951 1106 3016 in
1136 2955 1253 3034 quarto
1284 2956 1394 3016 autem
1423 2948 1509 3015 libro
1540 2968 1602 3035 555
1633 2969 1708 3015 555

372 3061 438 3127 alia
471 3065 543 3125 tum
573 3057 712 3125 Graecia
745 3063 975 3143 pertractatur,
1010 3057 1120 3142 plures
1156 3054 1300 3124 Graecos
1334 3056 1495 3124 nominari
1526 3056 1630 3141 quivis
1657 3056 1708 3121 in-

372 3167 514 3252 telleget.

479 3270 669 3339 Isidorum
685 3272 822 3355 denique
837 3272 945 3356 ipsum
961 3272 1120 3338 mensuris
1135 3272 1336 3357 potissimum
1350 3270 1497 3356 priorum
1512 3272 1709 3356 corrigendis

373 3401 506 3465 operam
528 3377 655 3446 dedisse
677 3377 754 3444 inde
777 3378 989 3461 cognoscitur,
1013 3379 1100 3464 quod
1123 3379 1218 3444 huius
1233 3378 1372 3444 maxime
1385 3379 1511 3461 generis
1526 3376 1710 3461 fragmenta

373 3488 564 3573 plerumque
594 3483 707 3550 addito
730 3484 798 3550 eius
827 3484 957 3551 nomine
986 3484 1179 3551 laudantur:
1212 3484 1253 3554 cf.
1278 3488 1309 3564 2,
1322 3486 1508 3554 242-246.
1532 3490 1564 3565 4,
1578 3488 1609 3555 9.
1634 3488 1708 3554 102.

374 3595 449 3662 121.
473 3597 504 3675 5,
517 3595 570 3661 40.
593 3593 646 3659 47.
673 3590 747 3658 129.
773 3591 847 3657 132.
873 3592 1047 3660 135136.
1074 3592 1247 3660 139150.
1294 3589 1350 3655 sed
1373 3589 1505 3655 minime
1537 3612 1592 3680 eas
1624 3590 1710 3657 solas

373 3699 416 3765 ab
431 3697 558 3764 Isidoro
573 3695 700 3761 Plinius
716 3697 862 3780 sumpsit.
883 3696 971 3779 quod
986 3717 1062 3763 vero
1078 3697 1202 3763 Athen.
1219 3700 1240 3765 3
1254 3718 1287 3781 p.
1305 3695 1364 3765 93ἆ
1384 3695 1539 3763 laudatur
1553 3693 1711 3784 Ἰσίδωρος

374 3801 606 3891 ὁΧαρακηνὸς
628 3798 661 3866 ἓν
683 3810 729 3888 τῷ
750 3805 809 3889 τῆς
831 3807 985 3889 Παρθίας
1015 3810 1239 3892 περιηγητικῴ,
1269 3810 1381 3868 utrum
1412 3804 1572 3887 generalis
1603 3804 1711 3888 operis

375 3932 451 3997 pars
473 3910 572 3977 luerit
595 3930 637 3975 au
660 3911 833 3993 singularis
849 3911 940 3995 liber,
965 3932 1025 3996 ego
1045 3934 1110 3977 non
1126 3910 1376 3978 diiudicaverim.
1415 3930 1613 3995 quamquam
1628 3908 1711 3975 illud

374 4018 455 4084 mihi
477 4016 608 4102 quidem
631 4018 698 4084 veri
725 4017 861 4083 similius
891 4024 952 4085 est.
999 4017 1056 4083 sed
1089 4040 1162 4085 cum
1195 4018 1236 4084 de
1264 4017 1411 4098 Parthis,
1441 4016 1477 4081 id
1507 4016 1595 4099 quod
1624 4015 1711 4083 inira

375 4126 595 4192 demonstrare
618 4124 813 4205 conabimur,
838 4126 920 4191 alios
943 4131 1092 4193 auctores
1107 4125 1234 4192 Plinius
1258 4123 1455 4191 consuluisse
1476 4123 1634 4210 videatur,
1657 4145 1712 4191 res

375 4234 409 4298 in
431 4231 538 4299 medio
560 4233 772 4317 relinquenda
795 4231 890 4319 estl).

485 4480 506 4550 ¹)
525 4479 542 4535 l
562 4480 581 4534 l.
599 4497 627 4551 5.
647 4480 699 4536 312
717 4479 780 4536 adn.
800 4482 825 4537 1.

485 4569 506 4639 Ι)
526 4568 560 4623 de
579 4568 637 4623 eius
656 4571 747 4623 aetate
765 4565 1021 4625 5115551155.
1040 4567 1073 4622 11
1091 4585 1119 4638 p.
1132 4568 1185 4623 375
1204 4565 1239 4623 51.
1257 4567 1342 4622 etiam
1359 4566 1467 4624 Hoeler
1479 4566 1579 4624 Rbein.
1592 4567 1663 4625 llus.
1677 4568 1713 4624 59

375 4656 469 4728 (1904)
489 4656 586 4725 56055.

486 4745 560 4816 ⁸)cl.
580 4744 695 4799 51115555
712 4742 731 4797 l.
750 4744 768 4798 l.
787 4759 814 4813 5.
835 4744 878 4800 25.

484 4834 507 4905 ⁴)
526 4835 597 4890 Acts
615 4848 671 4887 555.
689 4830 766 4902 Lips.
785 4829 833 4885 ΙΙΙ
852 4832 922 4888 1873
941 4849 968 4901 p.
987 4832 1048 4887 404.

372 4975 377 4987 ,
485 4922 508 4993 ⁵)
526 4922 622 4976 mirari
640 4921 732 4975 solent
749 4919 823 4989 quod
841 4917 949 4974 Plinius
968 4918 1105 4974 Strabone
1127 4934 1184 4974 nou
1207 4936 1271 4974 usne
1294 4924 1345 4977 est.
1381 4936 1452 4989 qnae
1474 4936 1518 4975 res
1540 4919 1657 4974 fortasse
1679 4936 1713 4977 eo

373 5010 510 5082 explicari
537 5011 637 5082 potest,
665 5008 739 5078 quod
763 5008 865 5063 similia
887 5012 916 5063 et
939 5025 1026 5078 aeque
1048 5008 1122 5063 bona
1145 5008 1220 5080 apud
1244 5008 1301 5065 eius
1329 5010 1472 5078 aequalem
1492 5007 1632 5064 isidorum
1659 5007 1714 5063 sibi

371 5099 534 5171 repperisse
551 5099 626 5155 51555
645 5102 712 5153 erat
929 5084 934 5093 ’
