4275 6025
986 713 1200 814 „L

425 923 603 1010 Artabrum,
639 945 699 1008 quo
734 922 901 1008 0551551555
931 923 1020 1008 from
1053 933 1214 1008 proounot
1246 920 1416 1008 Hs‘sponsbo
1449 915 1657 990 1700ῧῖῧῖ
1683 924 1762 1010 D¹).

426 1037 600 1117 soquentes
622 1049 752 1115 quoquo
782 1049 951 1096 mensurae
983 1029 1140 1114 speciales
1162 1027 1374 1096 Artemidoro
1403 1029 1535 1099 disertis
1564 1033 1672 1099 verbis
1706 1034 1764 1099 tri·

426 1137 583 1216 beentur,
608 1155 691 1220 ques
714 1135 880 1202 eroribere
901 1157 966 1202 nou
989 1157 1072 1220 opus
1085 1140 1144 1205 est.
1183 1135 1334 1202 similitor
1347 1136 1450 1221 igitur
1464 1138 1521 1204 ille
1535 1145 1636 1224 utque
1651 1142 1683 1222 6,
1696 1143 1762 1210 207

426 1244 556 1310 solitum
578 1263 762 1310 mensurum
785 1241 898 1310 sddito
927 1243 1037 1327 aliquo
1068 1242 1175 1327 spatio
1204 1243 1306 1312 suxit.
1359 1242 1417 1309 sed
1447 1265 1507 1329 per
1530 1244 1692 1313 Isidorum
1724 1266 1764 1311 es.

426 1349 534 1417 Plinio
556 1348 668 1416 obletu
688 1370 759 1417 osse
781 1370 855 1418 oum
877 1351 957 1434 ipsis
978 1349 1086 1417 serbis
1108 1355 1180 1416 tum
1199 1349 1246 1415 eis
1261 1370 1346 1434 quoe
1360 1357 1542 1435 sequuntur
1556 1352 1764 1422 menifestum

427 1463 486 1524 est.
532 1477 608 1522 555
631 1459 662 1537 2,
675 1459 740 1526 215
767 1463 941 1542 postquem
962 1457 1003 1522 de
1025 1456 1229 1541 longitudine
1251 1455 1428 1523 secundum
1449 1457 1541 1524 illum
1564 1460 1664 1528 verbo
1688 1466 1765 1527 sunt

426 1563 524 1646 suom,
548 1563 700 1648 leguntur
722 1562 818 1631 haec:
843 1563 1090 1628 5115555555
1111 1574 1206 1628 torrae
1232 1587 1251 1626 5
1281 1565 1449 1629 merrdtbno
1470 1565 1563 1651 sdu')
1588 1567 1630 1630 od
1654 1577 1764 1653 septen·

427 1672 534 1736 intuo
549 1671 676 1734 dimidio
689 1671 784 1752 soene
799 1671 896 1734 minor
912 1669 1119 1751 <Isidor>o
1127 1667 1156 1755 ⁸)
1172 1669 1319 1753 55055055·
1333 1661 1460 1756 {Il-HT}
1482 1664 1598 1736 L'XTJ.
1646 1673 1764 1739 iterum

428 1776 575 1864 singulos
597 1797 766 1844 mensurno
788 1775 984 1858 referuntur,
1008 1797 1091 1860 ques
1114 1775 1168 1841 bio
1190 1775 1363 1842 emendare
1384 1798 1449 1843 non
1472 1780 1598 1848 attinet.
1644 1779 1766 1846 diserte

427 1889 536 1952 sutem
551 1881 762 1950 Artemidoro
785 1881 983 1948 nddiountur
1004 1901 1175 1948 mensurae
1197 1901 1300 1965 usque
1320 1881 1363 1948 sd
1379 1883 1500 1950 Tanais
1515 1886 1645 1951 ostium.
1683 1885 1765 1952 5115-

427 1987 1041 2072 115155515155555551555151155511.
1062 1987 1199 2052 Isidorus
1209 1990 1316 2052 adierit
1329 1978 1421 2076 ΕΠ)
1436 1981 1470 2054 Z
1484 1991 1521 2077 (i.
1539 1995 1653 2063 10000
1664 1990 1764 2074 stud.)

427 2116 518 2182 55555
540 2096 583 2158 od
611 2093 733 2180 Thylen,
756 2114 832 2180 quoe
859 2094 1025 2157 oouieoturo
1057 2094 1249 2158 divinationis
1279 2106 1330 2160 oet.
1385 2096 1456 2181 ipse
1486 2098 1586 2182 igitur
1618 2099 1764 2167 Isidorus

428 2219 494 2286 quo
517 2197 606 2267 ultro
628 2197 860 2266 Artemidores
881 2199 1144 2284 progrederetur,
1168 2221 1233 2267 non
1256 2208 1346 2268 cortu
1369 2205 1496 2272 rstione
1515 2205 1680 2273 inventum
1695 2225 1766 2271 osso

427 2305 593 2393 professus
619 2311 678 2374 est
725 2327 743 2373 e
774 2305 908 2390 siugulis
937 2306 1003 2373 illis
1033 2307 1193 2375 mensuris
1224 2329 1290 2374 uns
1321 2309 1374 2376 sel
1407 2313 1513 2381 ultera
1542 2312 1630 2398 opud
1659 2312 1765 2397 ipsum

428 2413 571 2481 Plinium
604 2411 727 2480 Isidoro
758 2411 955 2481 sdsoribitur
983 2414 1072 2481 velut
1104 2416 1333 2505 (Alexandria)
1364 2420 1505 2484 Rhodum
1528 2407 1769 2481 m

429 2520 495 2608 (sel
518 2510 796 2604 DZXW)
819 2521 859 2588 51.
893 2525 1018 2604 5132.
1046 2521 1089 2588 51.
1118 2524 1217 2590 51155
1245 2528 1360 2606 5,150
1390 2548 1410 2585 a
1437 2517 1613 2584 Cadme
1641 2516 1765 2598 Sipium

429 2627 567 2692 Isidorus
589 2618 749 2694 ’(10οΧ11
761 2627 797 2691 D
820 2629 913 2692 tradit
935 2628 1040 2714 (codd.
1061 2619 1637 2718 manummerias).
1675 2624 1763 2688 unde

427 2735 577 2802 universe
599 2735 642 2801 sd
666 2735 829 2803 Isidorum
851 2734 1023 2801 referendo
1050 2757 1122 2803 esse
1154 2735 1278 2819 liquido
1307 2733 1409 2816 petet.
1463 2726 1604 2810 denique
1634 2733 1761 2813 praeter

428 2841 659 2928 geographioos
690 2840 790 2907 libros
823 2839 872 2906 bis
898 2840 1132 2934 Artemidorus
1162 2840 1323 2906 lnndotur.
1375 2836 1405 2912 7,
1418 2836 1462 2902 50
1490 2834 1700 2899 Artemidoms
1729 2835 1762 2897 15

434 2947 610 3039 Taprobane
636 2947 736 3015 insula
764 2947 970 3033 loopt'seimom
996 2949 1090 3011 uitam
1118 2948 1180 3010 siue
1213 2944 1274 3008 5115
1302 2942 1436 3028 eorporis
1470 2942 1612 3027 15555555
1645 2941 1766 3004 traduci

430 3062 582 3137 (narret).
629 3056 715 3141 quod
739 3076 813 3123 oum
836 3056 870 3122 in
893 3055 992 3140 longo
1015 3056 1098 3121 serie
1128 3074 1236 3119 rerum
1265 3048 1465 3117 mirabilium
1496 3073 1517 3117 5
1540 3050 1766 3117 diversissimis

429 3159 615 3229 auctoribus
646 3158 779 3227 Grseois
813 3161 1008 3228 traditorum
1045 3163 1151 3227 exstet
1184 3180 1265 3245 quos
1296 3178 1406 3224 omnes
1438 3157 1581 3223 Plinium
1616 3157 1766 3223 monibus

430 3264 572 3332 tenuisse
605 3264 659 3329 vix
693 3266 865 3351 quisquam
899 3266 1121 3347 affirmaverit,
1155 3270 1243 3330 oerte
1274 3285 1338 3330 nou
1373 3285 1413 3330 ex
1446 3266 1517 3349 ipso
1555 3262 1766 3330 Artemidoro

430 3374 593 3455 sumptum
609 3374 668 3439 551.
701 3371 841 3457 denique
857 3376 911 3454 36,
925 3378 968 3445 78
983 3375 1069 3441 15155
1084 3378 1234 3440 auctores
1250 3373 1307 3457 qui
1319 3372 1360 3438 de
1371 3371 1594 3457 pyramidibus
1608 3371 1767 3456 scripsere

431 3474 660 3544 Artemidorus
683 3498 812 3563 quoque
835 3486 1115 3563 commemoretur,
1139 3480 1180 3546 de
1204 3479 1324 3565 quibus
1354 3479 1397 3549 oi.
1420 3479 1459 3548 F.
1485 3477 1539 3545 W.
1562 3477 1602 3542 de
1625 3476 1766 3561 Bissiug,

429 3582 482 3647 der
511 3580 635 3647 Beriolrt
668 3583 720 3646 des
748 3582 870 3647 Diodor
903 3587 975 3651 uber
1008 3588 1056 3651 do'e
1087 3587 1275 3672 Pyramidum
1305 3588 1392 3656 1901
1424 3607 1457 3670 p.
1488 3586 1585 3667 22⁸q.
1640 3581 1697 3664 qui
1727 3601 1768 3649 ΕΣ

539 3774 559 3847 ι)
579 3773 619 3831 sio
638 3771 813 3831 seribendum
832 3791 931 3830 oenseo
950 3794 1012 3833 oum
1026 3779 1053 3833 A
1065 3777 1130 3837 Per.
1143 3783 1260 3851 propter
1271 3780 1420 3850 Agnthem.
1437 3778 1465 3846 d,
1475 3775 1509 3831 16
1528 3772 1676 3845 (551111
1694 3774 1767 3846 176),

431 3861 524 3935 {told
548 3871 593 3935 (55
611 3880 662 3938 pro
684 3883 701 3917 τ
724 3881 787 3919 555
805 3863 934 3937 11111555)
950 3885 957 3919 ι
976 3866 1048 3925 7932
1067 3869 1138 3925 sted.
1157 3870 1175 3926 i.
1195 3870 1286 3940 891‚b
1305 3886 1343 3926 m.
1361 3885 1389 3937 p.
1407 3866 1490 3921 llort.
1510 3864 1562 3920 612
1581 3861 1674 3917 omisit
1692 3862 1724 3917 D
1736 3880 1768 3933 p.

432 3954 461 4011 id
489 3955 563 4026 quod
590 3955 722 4013 looillime
748 3953 809 4012 lieri
827 3954 927 4026 551511,
956 3973 1019 4011 oum
1041 3976 1186 4014 numerum
1207 3959 1247 4014 515
1266 3958 1419 4012 seriberent
1441 3958 1473 4008 ut
1490 3952 1564 4007 lines
1581 3968 1632 4022 per
1649 3950 1769 4007 mediam

432 4044 556 4103 litterum
574 4045 734 4115 duosretur;
752 4044 827 4101 nude
845 4044 966 4101 (1515155
984 4062 1044 4103 esse
1062 4048 1189 4104 litterum
1206 4048 1269 4118 quis
1288 4045 1423 4116 suspiosri
1441 4044 1560 4114 poterut

540 4132 561 4205 Ι)
581 4150 678 4205 perum
697 4138 763 4205 5515
781 4135 821 4191 515
838 4151 939 4205 griseos
957 4151 1012 4190 vox
1029 4137 1107 4193 3155
1125 4138 1259 4194 redditur.

542 4220 563 4291 ⁸)
583 4221 629 4277 bio
652 4222 773 4291 optimus
796 4222 884 4278 oodex
903 4222 1026 4279 ‘mistero'
1052 4223 1172 4291 exhibet,
1197 4226 1324 4294 spertsm
1347 4221 1543 4292 oorruptelsm,
1566 4219 1632 4273 bino
1653 4218 1684 4272 in
1707 4218 1770 4273 51115

433 4307 556 4367 ‘minore’
569 4308 614 4365 vel
626 4310 733 4367 ‘rus'stosi
751 4312 941 4382 deprevatum.
966 4330 999 4368 so
1012 4313 1189 4369 Detlelsenus
1201 4313 1312 4383 quidem
1324 4328 1376 4384 pro
1389 4311 1497 4368 minoro
1510 4309 1622 4366 Isidoro
1635 4307 1769 4373 ediderat,

432 4413 503 4469 quse
526 4397 609 4454 leotio
631 4398 775 4470 displiouit
797 4416 859 4455 oum
883 4400 983 4456 Osrolo
1001 4400 1084 4457 Riiok
1102 4400 1256 4472 (Situ-Ber.
1282 4401 1333 4456 der
1356 4400 1434 4469 boys.
1455 4398 1547 4455 Aluod.
1566 4396 1637 4455 1898
1655 4414 1682 4466 5.
1706 4397 1770 4465 311)

433 4490 493 4541 tum
511 4482 664 4542 (1551111555
682 4486 764 4557 Ruge
781 4489 939 4560 (oomment.
954 4489 1091 4546 Ribbsolr.
1112 4490 1182 4547 1888
1199 4507 1227 4561 p.
1246 4492 1317 4562 481).
1354 4489 1435 4542 buius
1454 4488 1572 4541 ultorum
1591 4485 1770 4541 offensionem

435 4605 469 4616 -
488 4572 628 4631 desideret
647 4576 720 4631 enim
738 4593 836 4632 vooem
853 4578 946 4634 missor
968 4610 1003 4620 -
1026 4595 1088 4634 mes
1111 4580 1271 4635 ooniooturn
1289 4578 1434 4633 sustulisse
1451 4574 1522 4630 mihi
1539 4574 1644 4631 videor.
1682 4575 1772 4630 uteru

434 4679 500 4720 vero
523 4662 601 4719 55115
628 4669 677 4721 est
723 4664 821 4721 haeret
847 4668 921 4723 enim
948 4667 978 4722 15
1005 4668 1108 4735 dativo,
1132 4686 1214 4738 quem
1236 4673 1347 4739 prester
1372 4665 1549 4735 perticipium
1570 4663 1689 4735 porfeoti
1715 4680 1772 4717 non

434 4750 579 4809 terendum
598 4768 658 4807 esse
676 4752 830 4809 contendit.
866 4758 896 4809 st
913 4755 949 4812 oi.
968 4757 994 4827 2,
1004 4756 1039 4812 93
1057 4759 1093 4812 ot
1109 4756 1209 4813 seelera
1226 4755 1324 4812 munds·
1340 4754 1481 4811 bominum
1504 4756 1656 4810 5555555155
1673 4750 1774 4807 mundi

435 4839 527 4913 ipsius
544 4838 661 4913 toneris.
697 4842 917 4911 1515555115
938 4842 1054 4900 Graecis
1072 4845 1238 4916 appellatur.
1276 4845 1366 4915 6,174
1382 4843 1415 4899 io
1437 4860 1499 4899 mom
1517 4842 1650 4913 (portum)
1673 4839 1774 4912 Propo·

437 4929 512 5003 dytis
528 4946 626 5003 myrra
643 4931 793 5004 tonsorios.
830 4935 928 4987 oontrs
946 4933 1014 4986 ertis
1032 4937 1126 4988 eutem
1144 4933 1221 5004 loges
1239 4936 1364 5004 5555551,
1382 4931 1429 5001 qui
1448 4930 1595 4987 oleotione
1608 4929 1699 4985 minor
1710 4945 1774 4999 pro·

436 5020 606 5077 fioisountur.
643 5023 765 5076 osterum
784 5018 819 5075 de
836 5036 868 5075 re
880 5020 942 5090 ipss
953 5020 1061 5093 Regius
1079 5038 1137 5077 nou
1149 5022 1286 5078 dissentit.
1316 5037 1405 5091 nuper
1417 5019 1596 5075 Detlelsenus
1610 5019 1638 5075 iu
1651 5015 1774 5074 editione

435 5108 503 5166 nuni
522 5109 591 5167 1904
610 5109 733 5181 seripsit:
752 5108 843 5167 missor
861 5113 946 5180 o<st
982 5109 1125 5181 Isid>oro
1144 5129 1200 5182 555.
