4275 6025
312 1100 327 1155 l

1026 720 1089 785 127

386 928 511 995 tionum
534 928 805 996 contaminatione
830 936 927 998 natae
949 932 1024 1012 sint,
1048 970 1093 983 -
1115 932 1179 1000 hoc
1200 932 1269 1000 iere
1290 934 1371 1001 mihi
1393 936 1552 1021 probatur
1569 976 1624 1022 -,
1640 960 1728 1006 nnnc

385 1036 427 1103 de
461 1038 507 1105 eis
540 1036 706 1121 disputare
741 1057 806 1102 non
840 1039 968 1104 attinet.
1021 1044 1131 1106 tamen
1163 1046 1252 1107 certa
1280 1043 1399 1109 mutati
1430 1049 1557 1112 tractus
1589 1046 1726 1130 raugia

384 1142 535 1210 videntur
564 1150 708 1211 exstaret
741 1146 845 1211 maria
876 1147 963 1213 enim
989 1168 1075 1231 quae
1097 1146 1356 1232 Peloponnesum
1378 1150 1554 1237 lancinant,
1577 1175 1642 1220 non
1665 1175 1727 1221 suo

385 1250 457 1317 loco
482 1255 650 1335 apparent.
704 1272 779 1316 nam
811 1254 877 1332 4,9
908 1254 940 1315 in
973 1273 1005 1317 eo
1027 1252 1124 1340 10001)
1147 1255 1350 1340 incompactae
1372 1277 1387 1321 e
1408 1257 1526 1322 debaro
1548 1282 1624 1345 quoe
1646 1262 1725 1324 11111

385 1370 452 1423 auat
474 1357 610 1444 morici)
633 1381 654 1421 a
677 1360 869 1443 septenmbaa
892 1370 920 1423 11
941 1370 1043 1424 coortu
1065 1361 1128 1425 eiua
1144 1383 1261 1425 omnem
1274 1361 1319 1425 iti
1331 1363 1519 1428 latitudinem
1533 1377 1642 1430 corant
1655 1387 1724 1451 eqs.

384 1463 467 1563 haec
489 1465 659 1534 manifesto
682 1473 831 1534 coartata
853 1474 930 1535 sunt
952 1490 993 1536 ex
1014 1469 1170 1554 ampliore
1193 1469 1234 1536 de
1256 1471 1401 1538 maribus
1421 1473 1620 1557 expositione
1639 1496 1726 1559 qnae

384 1573 474 1651 419
497 1572 628 1657 legitur.
664 1572 768 1657 qnid?
803 1575 892 1660 quod
915 1579 982 1658 4,9
1013 1577 1123 1661 priore
1150 1576 1221 1644 loco
1249 1577 1430 1662 Aegaeum,
1461 1580 1565 1646 altero
1593 1580 1722 1648 Ionium

384 1680 578 1747 nominatur.
633 1682 714 1748 caeli
744 1703 820 1749 vero
850 1684 968 1769 plagae
999 1685 1163 1751 contrario
1193 1684 1315 1767 ordine,
1344 1707 1460 1770 nempe
1483 1706 1521 1752 eo
1544 1707 1610 1770 quo
1633 1691 1723 1770 4,19

383 1787 521 1852 marium
555 1788 686 1855 nomina
717 1794 971 1857 enumerantur?
1024 1796 1096 1857 tum
1126 1794 1204 1873 427
1232 1811 1309 1857 orae
1341 1792 1515 1879 descriptio
1545 1814 1649 1879 usque
1678 1793 1722 1860 ad

383 1893 488 1959 sinum
507 1893 679 1962 Maliacum
701 1897 800 1963 ducta
822 1902 881 1967 est.
928 1898 1089 1983 pergitur:
1112 1897 1211 1962 Dae
1231 1899 1413 1967 1111111111.
1458 1901 1493 1968 in
1508 1900 1598 1967 fonte
1612 1906 1721 1967 autem

382 2004 557 2082 postquam
579 2021 681 2085 usque
704 2002 748 2067 ad
770 2007 894 2069 terram
909 2001 1064 2069 hlalidem
1078 2040 1123 2051 -
1139 2002 1178 2069 cl.
1193 2004 1291 2070 verba
1305 2005 1456 2069 Matieno
1470 2008 1552 2070 11111
1567 2007 1605 2069 ab
1618 2006 1724 2074 incolis

382 2105 476 2168 111111
491 2142 534 2153 -
549 2126 733 2189 processum
748 2114 827 2191 erat,
845 2109 1010 2175 commode
1025 2108 1207 2176 dicebatur:
1227 2112 1325 2175 Horta
1339 2113 1444 2177 111111
1458 2134 1538 2199 eqs,
1553 2135 1618 2180 non
1636 2135 1720 2180 com-

382 2211 477 2277 mode
498 2212 625 2278 inverso
647 2213 769 2282 ordine.

493 2318 789 2387 manifestissimum
819 2342 895 2387 vero
926 2320 1022 2387 huius
1044 2322 1235 2388 mutationis
1255 2322 1449 2407 'exemplum
1472 2329 1503 2401 4,
1516 2327 1559 2393 49
1582 2324 1720 2407 legitnrt

382 2435 410 2488 et
431 2423 640 2511 Hellespontos
671 2427 740 2491 VH
762 2440 797 2492 11
826 2430 959 2492 dicimos
989 2430 1097 2491 stadici
1117 2426 1278 2515 Europam
1308 2429 1346 2491 ob
1368 2430 1445 2492 Asia
1467 2432 1609 2497 dividam.
1662 2432 1720 2498 ubi

381 2541 415 2593 at
437 2532 571 2595 1111111
592 2531 691 2600 rerba
712 2555 776 2601 non
799 2539 889 2601 recto
911 2533 980 2599 talo
999 2539 1097 2600 stant.
1143 2555 1305 2619 nusquam
1320 2535 1405 2601 enim
1420 2541 1497 2602 ante
1512 2537 1598 2604 hunc
1612 2537 1718 2605 locum

380 2636 421 2703 de
450 2636 658 2721 Hellesponti
691 2640 863 2707 latitudine
895 2640 994 2706 verba
1027 2646 1103 2707 snut
1131 2640 1229 2708 facta.
1275 2646 1311 2707 at
1340 2640 1383 2709 cf.
1410 2646 1497 2725 4,,11
1530 2643 1587 2709 111
1614 2644 1720 2712 multo

381 2744 563 2811 accuratius
593 2744 653 2811 illa
685 2744 773 2827 regio
806 2742 1002 2809 describitur
1034 2748 1133 2828 atque
1165 2744 1239 2828 ipsa
1272 2743 1481 2811 Varroniano
1514 2745 1573 2811 illa
1608 2746 1719 2833 imago

380 2856 525 2934 apparet.
581 2850 766 2936 diligentior
795 2856 903 2917 autem
933 2849 1109 2934 descriptio
1137 2851 1172 2915 in
1203 2849 1293 2916 fonte
1322 2851 1438 2935 utique
1468 2852 1624 2936 primaria
1646 2874 1719 2922 esse

379 2956 502 3039 debuit,
526 2958 561 3025 id
584 2960 670 3045 quod
693 2960 765 3045 ipsa
786 2958 947 3025 locutione
969 2966 1004 3021 ut
1025 2959 1158 3022 11111111
1180 2958 1309 3044 egregie
1332 2957 1571 3043 comprobatur.

488 3071 558 3132 tum
581 3070 667 3149 415
691 3066 794 3132 maria
816 3064 942 3131 diverso
965 3070 1065 3149 atque
1088 3066 1260 3151 periegesis
1275 3064 1429 3151 postulat,
1454 3064 1568 3132 ordine
1585 3089 1720 3134 souma·-

377 3176 501 3254 rantur,
533 3194 607 3240 cum
636 3173 881 3240 Macedonicum
912 3178 987 3238 ante
1016 3170 1214 3239 (1111111111
1246 3177 1462 3256 nuncupetur.
1506 3170 1609 3239 latino
1640 3196 1717 3241 vero

377 3280 502 3344 auctori
532 3280 612 3346 haec
643 3279 753 3346 deberi
783 3300 842 3364 per
870 3299 906 3344 se
934 3283 1035 3363 patet,
1063 3276 1103 3344 ot
1126 3278 1225 3344 etiam
1256 3277 1336 3343 ibid.
1363 3277 1510 3340 Androm
1540 3280 1718 3363 navigantes

377 3385 416 3449 11
430 3386 578 3457 Achaia.
602 3388 741 3454 marium
756 3387 858 3471 igitur
872 3384 1060 3451 divisionem
1076 3390 1165 3451 recte
1179 3383 1320 3454 Varroni
1331 3383 1448 3450 tribuit
1460 3383 1668 3451 Detlelsenus
1677 3385 1714 3468 ⁰).

488 3499 588 3578 atque
610 3494 765 3560 hactenus
788 3492 828 3558 de
844 3491 1039 3560 continente.
1084 3489 1206 3557 insulas
1220 3490 1255 3557 in
1269 3489 1357 3556 Plini
1374 3489 1463 3556 fonte
1478 3491 1633 3573 primario
1649 3513 1716 3558 uua

377 3620 448 3665 cum
464 3601 536 3685 ipsa
547 3621 603 3666 ora
615 3600 793 3684 descriptas
805 3599 906 3664 luisse
918 3619 1017 3682 supra
1027 3621 1060 3682 p.
1070 3600 1167 3681 lbsq.
1182 3597 1399 3682 exposuimus.
1423 3596 1508 3663 nude
1520 3596 1718 3683 bioqnoqne

377 3725 503 3772 errores
533 3706 785 3773 translocations
813 3704 892 3770 facti
922 3704 965 3770 ad
993 3703 1196 3788 propositum
1227 3708 1374 3768 11111111
1404 3703 1577 3786 pertinent.
1623 3703 1715 3768 velut

376 3813 464 3896 quod
493 3817 524 3893 4,
539 3815 581 3882 11
611 3812 746 3897 legitur:
777 3811 817 3876 ob
847 3834 882 3876 aa
909 3811 1015 3876 Itbooo
1037 3800 1114 3873 Π
1130 3811 1224 3873 dabat
1246 3829 1342 3876 sensu
1364 3829 1499 3893 prorsus
1521 3808 1713 3874 destitutum

376 3925 436 3987 cst.
488 3940 564 3985 nam
593 3939 770 4004 pronomen
799 3918 842 3984 11
864 3917 1071 4003 Zacynthum
1092 3915 1232 3982 insulam
1259 3919 1395 4000 spectat.
1441 3913 1581 3980 debebat
1602 3919 1713 3980 antem

374 4025 489 4093 referri
523 4025 566 4092 ad
601 4024 855 4111 Cephalleniam.
912 4024 986 4091 dein
1021 4044 1210 4090 conversum
1243 4021 1389 4090 ordinem
1423 4040 1502 4106 prae
1536 4041 1571 4086 se
1603 4019 1713 4087 lerunt

374 4133 502 4200 insulae
525 4139 556 4213 4,
570 4136 612 4204 62
635 4139 856 4199 enumeratae:
880 4141 913 4195 ot
933 4134 966 4196 ia
981 4130 1112 4195 Hellade
1133 4128 1361 4211 ctiomoom⁴)
1381 4130 1414 4193 ia
1428 4129 1548 4213 Aegaeo
1562 4125 1715 4192 Liebodea

374 4239 522 4326 Scarptic
538 4236 643 4304 Ocreae
656 4239 817 4304 Phaeacia.
862 4236 1024 4304 Licbades
1039 4237 1126 4304 enim
1140 4256 1242 4320 prope
1256 4233 1542 4318 septentrionalem
1556 4233 1713 4300 Euboeae

374 4367 466 4414 oram
488 4347 572 4412 sitas
594 4351 680 4425 sunt,
703 4345 850 4431 reliquae
871 4350 948 4411 aute
972 4343 1131 4410 Atticam.

486 4453 598 4539 itaque
619 4474 678 4538 per
701 4458 804 4518 totam
824 4451 976 4535 Europae
998 4449 1219 4517 meridionalis
1240 4448 1489 4532 descriptionem
1511 4447 1561 4512 illi
1583 4468 1713 4514 errores

374 4565 509 4627 canunt
539 4561 745 4627 conversione
771 4559 894 4626 ordinis
924 4555 1040 4624 effecti
1093 4556 1303 4642 quamobrem
1325 4554 1484 4624 Varronis
1514 4554 1651 4639 vestigia
1675 4555 1711 4619 in

482 4753 503 4824 ι)
522 4751 628 4808 ecilin
646 4750 761 4807 Isthmo.

481 4841 502 4913 ς)
521 4841 606 4912 paulo
625 4846 690 4897 ante
709 4841 888 4897 nominantur
905 4841 1050 4910 Aegaeum
1068 4843 1098 4894 et
1115 4838 1235 4894 Ionium.

481 4930 503 5001 ¹)
519 4929 639 4985 Hermes
657 4932 690 4988 21
710 4931 805 5001 (1886)
822 4930 841 4984 1.
859 4930 879 4984 1.

480 5019 503 5090 ⁴)
520 5017 574 5074 hoc
598 5019 680 5073 deest
701 5034 764 5073 eum
781 5018 855 5088 apud
874 5032 956 5086 quem
974 5016 1004 5070 in
1023 5014 1079 5070 fine
1098 5013 1290 5085 decomptionis
1308 5012 1392 5068 maris
1410 5011 1518 5082 Aegaei
1534 5027 1584 5065 cae
1600 5009 1710 5064 insulae

371 5107 554 5178 collocantur,
581 5121 638 5164 uon
655 5104 778 5162 Plinium
796 5105 871 5176 apud
889 5121 972 5175 quem
989 5104 1065 5160 ultra
1082 5118 1193 5175 quoque
1210 5101 1245 5158 de
1266 5101 1373 5173 Aegaei
1390 5099 1475 5156 maris
1492 5099 1589 5154 insulis
1607 5097 1708 5168 agitur.
