4275 6025
1050 677 1094 742 98

404 909 519 955 ausam
532 887 692 955 dederunt
706 887 748 954 de
763 886 937 971 Augustea
953 887 1077 972 origine
1092 886 1266 971 cogitandi.
1288 892 1324 953 at
1338 887 1386 952 ibi
1402 908 1532 972 quoque
1546 909 1610 953 nou
1624 908 1743 954 nomen

404 1000 533 1061 tautum
568 995 636 1061 eius
667 994 758 1061 urbis
781 999 929 1079 apparet,
960 993 1016 1059 sed
1040 994 1138 1060 etiam
1161 994 1245 1060 situs
1267 993 1471 1078 perspicitur.
1518 1015 1624 1078 neque
1656 995 1742 1060 enim

404 1100 544 1179 Plinius,
581 1122 653 1167 cum
691 1100 813 1187 Epirus
850 1100 972 1185 partim
1009 1098 1052 1167 ad
1090 1100 1253 1166 Achaiam
1282 1100 1495 1185 provinciam,
1541 1102 1662 1186 partim
1699 1102 1742 1167 ad

403 1193 630 1276 Macedoniam
663 1209 850 1295 pertineret,
884 1208 956 1292 ipse
990 1207 1031 1272 de
1062 1207 1131 1273 eius
1163 1208 1229 1273 situ
1259 1228 1301 1274 cx
1332 1206 1485 1291 Angusto
1520 1208 1637 1274 certior
1671 1206 1742 1273 fieri

404 1316 522 1401 potuit.
1433 1311 1436 1318 '

511 1422 636 1489 accedit
659 1422 746 1508 quod
769 1421 843 1487 aliis
871 1442 998 1506 quoque
1025 1420 1123 1485 rebus
1152 1419 1210 1485 illa
1231 1419 1326 1504 Epiri
1353 1418 1527 1504 descriptio
1556 1420 1646 1504 prior
1675 1421 1742 1500 m

403 1528 514 1597 differt
539 1530 581 1595 ab
608 1528 862 1613 insequentibus,
890 1527 947 1593 ubi
975 1526 1016 1592 ab
1044 1526 1295 1593 Acrocerauniis
1322 1548 1436 1591 rursus
1462 1527 1627 1612 incipitur.
1677 1547 1745 1609 qua

404 1635 445 1703 de
467 1658 503 1703 re
525 1634 612 1702 infra
634 1636 727 1702 nobis
752 1632 983 1719 disputandum
1007 1633 1069 1697 erit
1077 1633 1115 1714 ¹).

511 1748 581 1808 tum
603 1742 637 1807 in
661 1740 792 1809 Galliae
816 1738 971 1807 Oomatae
995 1738 1210 1823 descriptione
1232 1736 1403 1822 Angustea
1426 1737 1556 1822 quidem
1582 1739 1741 1821 quaedam

402 1850 523 1931 insunt,
553 1847 610 1915 sed
636 1849 808 1915 coniuncta
836 1867 910 1913 cum
938 1845 1058 1911 eadem.
1105 1843 1192 1911 unde
1218 1846 1300 1910 hauc
1328 1866 1456 1929 quoquo
1484 1865 1557 1910 cum
1584 1845 1631 1909 eis
1657 1868 1742 1930 qnae

403 1954 499 2022 modo
521 1956 738 2037 tractavimus,
762 1946 933 2019 cohaerere
956 1958 1103 2037 apparet.
1148 1972 1224 2017 nam
1251 1958 1338 2016 recte
1361 1949 1551 2033 Ountziusb
1575 1952 1667 2032 cavit,
1701 1974 1743 2019 ue

403 2060 533 2130 Galliac
554 2062 690 2147 populos
717 2083 757 2127 ex
779 2048 934 2145 Augusto
965 2065 1111 2143 sumptos
1143 2079 1214 2125 esse
1245 2064 1414 2141 statueret,
1446 2060 1636 2143 praesertim
1667 2081 1740 2127 cum

404 2168 487 2235 situs
509 2168 595 2234 ratio
617 2168 802 2235 haberetur.
848 2168 889 2233 dc
912 2166 985 2233 aliis
1008 2187 1084 2233 vero
1106 2165 1294 2254 recentioris
1316 2165 1451 2249 originis
1473 2164 1601 2231 indiciis
1628 2173 1744 2251 postca

402 2272 629 2361 uidebimusl).
1733 2343 1735 2348 ,

513 2380 653 2464 denique
675 2379 709 2444 in
725 2377 859 2444 Africae
883 2376 1099 2462 descriptione
1122 2374 1282 2441 diversam
1305 2376 1347 2442 ab
1363 2376 1483 2442 usitata
1497 2378 1582 2443 viam
1597 2378 1742 2445 Plinium

402 2487 500 2556 inisse
517 2484 769 2567 Oehmicbeuc⁴)
791 2484 872 2549 satis
891 2483 1007 2550 idonea
1022 2502 1121 2548 causa
1135 2483 1205 2547 visa
1220 2488 1278 2563 est,
1296 2503 1362 2567 qua
1377 2482 1417 2548 de
1432 2483 1554 2567 origine
1569 2482 1742 2565 Augustae

402 2594 632 2661 laterculorum
666 2591 796 2659 omuino
829 2589 1004 2655 dubitaret.
1061 2608 1101 2655 ac
1135 2609 1212 2654 sane
1236 2590 1417 2655 rectissime
1451 2609 1566 2655 nomeu
1595 2589 1744 2675 Augusti

400 2701 489 2769 inter
525 2703 674 2766 auctores
711 2696 788 2763 libri
825 2694 857 2764 V
896 2687 1074 2761 desiderari
1110 2696 1243 2761 monuit.
1304 2694 1362 2761 sed
1399 2694 1484 2761 banc
1520 2719 1588 2762 rem
1626 2704 1744 2782 postea

402 2805 594 2893 Ountziusl)
629 2804 750 2889 optime
774 2801 952 2886 explicarit,
988 2802 1037 2867 ita
1064 2805 1103 2866 ut
1135 2821 1206 2865 eam
1237 2809 1365 2886 partem
1395 2802 1626 2870 laterculorum
1657 2826 1743 2889 quae

401 2911 495 2978 libris
519 2910 552 2979 V
576 2916 609 2976 et
624 2908 677 2977 VI
700 2908 895 2988 continetur,
911 2905 1081 2992 Agrippae
1095 2906 1284 2973 vindicaret.
1323 2914 1433 2975 tamur
1447 2932 1511 2976 nou
1526 2909 1742 2977 omittendum

402 3023 462 3101 est,
486 3038 550 3083 non
572 3016 701 3082 ethnica
732 3014 924 3094 enumerari,
957 3035 1057 3099 quam
1087 3015 1247 3082 rationem
1269 3016 1395 3082 Plinius
1417 3018 1452 3083 iu
1482 3019 1528 3083 cis
1557 3018 1655 3084 torris
1684 3016 1743 3083 ad·

402 3122 521 3202 hibuit,
543 3122 600 3189 ubi
622 3123 691 3206 ipse
714 3119 886 3204 Augustae
909 3121 960 3188 vel
982 3121 1153 3207 Agrippca
1174 3122 1340 3188 adnexuit.
1386 3123 1444 3189 sed
1465 3123 1527 3190 boc
1543 3126 1660 3190 merito
1676 3145 1741 3190 nou

402 3227 614 3312 magnifacit
646 3224 847 3313 Ouutaiusl).
900 3226 1027 3294 accedit
1057 3228 1146 3312 quod
1179 3229 1214 3295 in
1247 3229 1373 3315 periplo
1396 3233 1427 3311 5,
1441 3233 1484 3298 22
1508 3230 1622 3292 comnia
1656 3229 1744 3295 Cirta

402 3333 602 3400 Sittianorum
623 3335 793 3417 copaomiue
816 3333 1038 3422 distinguitur,
1063 3338 1120 3421 qui
1142 3358 1221 3402 usus
1244 3336 1287 3402 ab
1309 3337 1375 3402 illis
1397 3336 1520 3403 tabulis
1540 3337 1665 3403 alienus
1681 3343 1741 3406 est.
1783 3397 1787 3400 .

401 3460 498 3526 porro
521 3443 609 3522 5,'24
632 3440 748 3511 colonia
774 3437 924 3527 Cartbapo
947 3445 979 3506 ia
1001 3445 1130 3528 ceabpiia
1153 3467 1280 3529 magnac
1295 3442 1491 3528 Cartlmpinia
1512 3443 1586 3526 plus
1610 3444 1744 3510 exhibet

402 3567 502 3634 quam
524 3546 627 3635 ineis
649 3546 729 3613 ferri
751 3548 887 3618 solebat.
922 3550 1036 3633 itaque
1059 3571 1100 3615 ex
1121 3552 1279 3634 periegesi
1294 3573 1362 3617 rem
1379 3548 1588 3635 amplificavit
1602 3550 1742 3619 Plinius.

402 3653 542 3736 denique
565 3651 727 3742 Gaetulia,
761 3673 835 3720 cum
858 3657 1024 3739 provincia
1054 3655 1140 3722 hanc
1163 3663 1292 3740 gentem
1327 3658 1477 3741 amplexa
1510 3677 1575 3722 non
1609 3656 1663 3736 sit,
1698 3656 1742 3722 ad

403 3759 531 3826 tabulas
554 3761 722 3850 censorias
738 3761 852 3844 utique
874 3781 938 3827 non
959 3761 1060 3845 redit3
1084 3761 1169 3828 adde
1184 3764 1305 3847 quoda
1320 3763 1513 3848 populorum
1528 3763 1654 3828 nomine
1668 3762 1743 3846 ipsa

401 3866 507 3934 forma
529 3864 641 3932 distat.
685 3867 863 3933 notandum
886 3874 936 3933 est
958 3875 1068 3934 autem
1091 3865 1210 3936 Oastra
1231 3868 1384 3937 Cornelia
1405 3870 1455 3936 bis
1482 3868 1742 3935 commemorarit

402 3978 433 4053 5,
446 3978 489 4044 24
512 3973 590 4036 aaa
616 3970 721 4037 &atra
746 3971 900 4047 Cornelia3
926 3977 957 4056 5,
971 3976 1013 4043 29
1044 3977 1190 4061 oppidum
1221 3976 1484 4063 stipendiarium&
1507 3999 1601 4038 unum
1627 3973 1743 4039 01111101

405 4077 558 4146 Corrutiiu.
604 4079 656 4146 hic
678 4080 820 4146 ablativo
841 4079 1004 4147 indicatur
1026 4081 1068 4147 ab
1091 4081 1205 4148 incolis
1227 4084 1368 4166 primum
1391 4083 1512 4170 oppida
1529 4087 1644 4147 vocata
1660 4101 1741 4148 esse.

400 4182 487 4250 unde
517 4185 742 4355 supplementa
772 4187 832 4254 illa
862 4188 980 4273 peripli
1007 4192 1038 4271 5,
1052 4191 1106 4260 29.
1134 4193 1178 4260 30
1206 4211 1247 4256 ex
1273 4191 1395 4257 tabulis
1425 4187 1580 4257 censoriis
1609 4187 1743 4254 flumme

401 4290 573 4356 vemsimie
597 4299 655 4356 est.

511 4433 532 4503 1)
552 4431 587 4486 cf.
606 4448 632 4500 p.
654 4431 751 4500 134sq.

511 4521 534 4591 ²)
553 4521 624 4577 1890
641 4537 668 4589 p.
688 4523 749 4578 520.

511 4610 533 4680 8)
553 4608 588 4663 cf.
606 4626 633 4678 p.
654 4610 705 4664 143
713 4625 753 4677 sq.

508 4700 532 4770 ⁴)
551 4697 625 4756 Berl.
644 4697 712 4767 phil.
732 4697 829 4754 chh.
850 4699 921 4756 1889
939 4715 967 4769 p.
986 4698 1086 4767 9301q.

509 4788 530 4858 ὖ)
550 4787 620 4843 1800
638 4805 666 4857 p.
686 4787 783 4854 522sq.

508 4875 532 4947 ο)
552 4875 623 4932 1888
641 4892 668 4946 p.
687 4877 732 4933 41.

509 4965 531 5035 7)
549 4963 721 5035 10εά1111111
739 4962 833 5018 Plinio
856 4963 1032 5020 scribendum
1053 4964 1138 5019 fuisse
1158 4962 1288 5019 cantum
1304 4963 1373 5018 mihi
1397 4962 1537 5035 persuasit
1561 4963 1632 5020 1888
1649 4979 1678 5033 p.
1696 4964 1742 5024 11.

398 5055 493 5110 tamen
512 5053 681 5124 scriptorem
698 5053 791 5123 potius
810 5070 893 5123 quam
911 5052 1038 5108 librarios
1057 5070 1165 5108 ermsss
1183 5071 1234 5124 ego
1252 5070 1362 5123 quoquc
1379 5051 1542 5110 consumim.
