4275 6025
1071 683 1134 752 1⁸54

436 899 534 984 dytae
557 903 588 983 5,
601 903 644 970 34
668 904 702 963 et
724 902 755 977 5,
767 903 826 967 45:
850 899 928 963 item
952 900 992 964 de
1014 896 1269 965 Garamantibus
1291 899 1432 982 primum
1454 899 1593 982 quidem,
1618 902 1655 964 ut
1677 897 1770 962 decet

434 1005 594 1071 hominem
617 1007 796 1090 sapientiae
819 1004 1009 1083 studiosum,
1034 1007 1142 1090 agitur
1164 1010 1195 1086 5,
1209 1008 1251 1075 26
1275 1005 1327 1088 (ol.
1353 1009 1384 1082 5,
1397 1007 1517 1088 35sq.),
1543 1005 1658 1070 deinde
1681 989 1767 1084 5,45

435 1111 632 1178 fabulosiora
653 1110 880 1192 adnectuntur,
905 1113 983 1177 item
1008 1112 1058 1177 bis
1082 1112 1223 1195 Augilas
1245 1119 1278 1177 et
1300 1111 1455 1177 Pharusii
1477 1120 1669 1178 tractantur.

544 1221 610 1284 iam
633 1221 707 1285 ride
730 1242 795 1304 quo
818 1221 930 1285 ordine
949 1220 1104 1304 procedat
1120 1219 1307 1302 descriptio:
1324 1215 1450 1302 Cyrene
1465 1220 1598 1301 peracta
1613 1215 1642 1280 ei
1656 1213 1769 1298 populi

433 1332 665 1392 enumerantur
694 1328 749 1411 qui
781 1333 839 1393 aut
869 1347 959 1391 oram
990 1327 1095 1411 ipsam
1124 1331 1237 1391 tenent
1263 1333 1408 1390 autnon
1431 1326 1527 1409 longe
1550 1325 1589 1390 ab
1613 1343 1653 1387 ea
1676 1321 1768 1387 sedes

432 1431 563 1500 habent.
609 1452 675 1515 qua
698 1432 731 1495 in
754 1432 993 1497 enumeratione
1008 1430 1089 1496 ordo
1105 1430 1238 1514 quidam
1254 1431 1405 1499 cernitur.
1444 1431 1668 1515 progredimur
1683 1429 1768 1494 enim

433 1537 475 1604 ab
506 1540 630 1603 oriente
660 1537 854 1603 occidentem
878 1559 1004 1603 versus:
1028 1536 1247 1602 Marmaridae
1274 1537 1359 1602 circa
1382 1534 1529 1620 Cyrenen
1557 1536 1765 1614 collocantur,

432 1652 612 1728 sequuntur
628 1644 835 1726 Acrauceles,
860 1645 917 1729 qui
938 1650 1013 1727 post
1027 1643 1244 1709 Marmaridas
1264 1643 1423 1716 habitant,
1448 1643 1490 1708 ab
1506 1643 1552 1708 eis
1568 1641 1768 1707 occidentem

430 1771 542 1817 versus
563 1752 657 1817 iuxta
678 1751 801 1838 Syrtim
823 1753 977 1817 maiorem
1002 1751 1213 1830 Nasamones,
1238 1756 1316 1815 ωηο
1340 1751 1487 1834 Asbytae
1510 1748 1624 1814 Macae
1647 1749 1765 1830 vivont,

430 1859 582 1943 ultraque
605 1880 660 1924 eos
677 1862 836 1926 Amantes
844 1859 873 1945 ¹)
895 1861 982 1924 inter
1004 1859 1086 1924 duas
1110 1857 1228 1942 Syrtis.
1274 1857 1377 1941 magis
1393 1859 1490 1922 etiam
1506 1855 1549 1922 ad
1569 1851 1767 1920 occidentem

430 1972 609 2047 verguntur
638 1965 853 2050 Trogodytae,
885 1987 967 2050 quos
997 1963 1200 2030 collocandos
1230 1983 1299 2028 esse
1329 1983 1428 2047 prope
1458 1963 1695 2028 Mauretaniam
1726 1969 1785 2026 ex'

430 2070 538 2136 Plinio
561 2077 698 2155 apparet
719 2077 749 2150 5,
764 2075 815 2141 34.
854 2070 974 2135 ibidem
989 2070 1108 2136 Strabo
1124 2092 1253 2155 quoque
1268 2069 1473 2155 Trogodytas
1489 2071 1644 2154 quosdam
1660 2069 1763 2135 novit:

430 2175 542 2259 8282).
588 2184 687 2260 atque
709 2175 745 2240 hi
768 2197 844 2241 orae
866 2176 971 2240 vicini.
1018 2183 1054 2240 at
1077 2174 1214 2240 mediam
1231 2174 1379 2240 Africam
1395 2175 1525 2258 explent
1543 2176 1654 2261 populi
1677 2180 1708 2254 5,
1723 2178 1765 2246 26

428 2283 587 2348 nominati
603 2283 814 2348 Garamantes
830 2281 932 2366 Psylli
948 2282 1101 2366 Augilas.
1148 2302 1229 2365 quos
1252 2282 1394 2347 aPlinio
1416 2282 1480 2346 alio
1503 2289 1603 2367 atque
1625 2283 1765 2348 insonte

430 2390 543 2454 ordine
566 2390 747 2455 enumerari
769 2389 858 2454 haud
882 2390 947 2454 scio
970 2411 1013 2454 au
1035 2397 1124 2454 recte
1146 2389 1221 2454 inde
1244 2388 1434 2455 concludam
1456 2389 1542 2473 quod
1566 2389 1607 2454 ab
1632 2388 1764 2474 Augilis

430 2497 573 2578 spatium
585 2503 803 2587 computatur,
819 2504 894 2562 ante
910 2518 1007 2579 quam
1024 2496 1065 2561 de
1081 2497 1127 2561 eis
1142 2497 1221 2579 ipsis
1237 2505 1341 2561 actum
1360 2502 1418 2562 est.
1445 2498 1505 2561 hoo
1517 2497 1586 2562 sani
1599 2497 1765 2580 scriptoris

428 2625 492 2668 nou
523 2611 581 2668 est.
628 2604 738 2687 itaque
768 2602 809 2668 ab
839 2603 931 2667 initio
958 2604 1044 2667 hanc
1065 2623 1195 2686 quoque
1218 2603 1332 2667 seriem
1356 2602 1397 2666 ab
1421 2603 1544 2667 oriente
1567 2604 1764 2668 occidentem

430 2731 539 2774 versus
573 2711 788 2794 percensitam
820 2731 889 2774 esse
924 2710 1002 2774 mihi
1037 2730 1226 2793 persuasum
1262 2717 1322 2774 est.
1379 2709 1436 2773 sed
1472 2731 1512 2774 ne
1546 2710 1608 2775 hoc
1634 2712 1764 2794 quidem

428 2818 589 2882 omiserim
618 2817 722 2914 yerba
754 2840 845 2902 super
882 2817 948 2880 illos
978 2816 1087 2900 fuere
1125 2838 1197 2900 years
1226 2816 1324 2902 Psylli
1355 2823 1433 2882 tunc
1459 2822 1587 2881 tantum
1620 2816 1765 2900 intellegi

426 2945 520 3007 posse
542 2945 616 2989 cum
639 2922 845 2991 Varroniaua
867 2924 907 2988 de
930 2922 1114 3007 Psyllorum
1137 2943 1210 2987 oum
1234 2921 1476 2988 Nasamonibus
1508 2921 1593 2986 bello
1619 2924 1762 2988 narratio

426 3038 505 3095 nota
526 3036 589 3095 est:
614 3030 654 3095 cf.
670 3028 756 3095 Plin.
773 3033 943 3108 nat.7,14
965 3028 1068 3097 Prisc.
1085 3026 1157 3096 GL.
1174 3028 1213 3095 II
1238 3032 1344 3117 524‚2
1369 3027 1495 3095 Charis.
1513 3026 1585 3096 GL.
1611 3028 1630 3095 I
1655 3032 1762 3108 1·lo‚3

426 3136 495 3221 (uhi
525 3135 692 3220 Epicadus
722 3136 762 3201 ol.
794 3134 883 3203 Serv.
920 3142 1005 3201 auct.
1037 3135 1122 3203 Aen.
1156 3142 1184 3215 1,
1198 3137 1262 3204 619
1295 3135 1384 3201 haud
1415 3138 1480 3202 scio
1506 3158 1548 3200 an
1571 3157 1591 3201 a
1614 3134 1762 3202 Varrone

427 3241 555 3307 oblatus
579 3242 633 3325 sit)
658 3241 699 3311 cf.
723 3243 823 3307 etiam
839 3241 923 3310 Plin.
948 3239 1100 3324 21781),
1125 3247 1160 3306 at
1176 3245 1229 3323 25,
1245 3244 1307 3311 123
1323 3240 1450 3307 Plinius
1464 3263 1497 3309 se
1513 3244 1620 3325 ipsum
1634 3242 1762 3327 Psyllos

427 3347 545 3413 vidisse
567 3347 720 3414 affirmat.
767 3369 845 3431 ergo
867 3369 932 3412 non
956 3348 1156 3414 interierunt.
1203 3354 1307 3413 restat
1329 3350 1444 3414 tertius
1467 3350 1546 3415 ordo
1563 3354 1592 3427 5,
1606 3350 1659 3416 43.
1706 3348 1763 3430 qui

426 3461 459 3519 et
485 3455 554 3539 ipse
581 3455 622 3520 ab
649 3455 773 3520 oriente
800 3455 964 3538 incipitur.
1009 3476 1087 3520 nam
1111 3454 1231 3539 Libyes
1253 3454 1411 3539 Aegyptii
1434 3454 1474 3519 ab
1498 3455 1650 3539 Aegypto
1673 3454 1762 3519 haud

424 3560 538 3645 procul
565 3560 677 3626 abesse
704 3567 849 3646 possunt.
895 3560 972 3626 dein
999 3581 1113 3626 cursus
1140 3582 1242 3644 usque
1269 3561 1310 3625 ad
1333 3559 1488 3626 Perorsos
1515 3560 1655 3639 ducitur,
1680 3581 1761 3645 quos

424 3665 664 3732 Mauretaniam
686 3668 833 3751 attigisse
859 3667 1004 3737 tradunt.
1055 3666 1198 3731 mediam
1224 3673 1331 3731 autem
1357 3665 1504 3732 Africam
1526 3668 1625 3733 vastis
1647 3667 1762 3733 solitu-

424 3773 554 3839 dinibus
585 3780 774 3858 occupatam
806 3795 885 3841 esse.
945 3794 1148 3858 summopere
1174 3794 1249 3838 vero
1277 3772 1450 3838 dolendum
1488 3779 1538 3839 est
1572 3773 1658 3857 quod
1696 3793 1760 3839 non

423 3880 548 3964 liquido
563 3886 665 3965 patet,
680 3886 789 3945 utrum
802 3879 890 3944 Plini
904 3885 1018 3944 auctor
1033 3878 1215 3963 Aethiopas
1229 3898 1332 3962 usque
1349 3878 1390 3944 ad
1406 3900 1560 3945 oceanum
1571 3880 1761 3963 produxerit

424 4007 466 4051 an
497 4007 615 4052 oceano
641 3995 747 4051 terras
770 3985 886 4050 ambiri
909 3986 1086 4068 negaverit.
1132 3992 1242 4050 tamen
1265 3984 1347 4049 illud
1370 3987 1484 4069 utique
1508 3986 1677 4052 verisimile
1700 3992 1760 4056 est.

424 4093 481 4158 sed
503 4114 601 4158 unam
625 4099 658 4158 et
681 4098 883 4158 constantem
905 4093 940 4157 in
963 4114 997 4157 se
1019 4113 1089 4158 esse
1106 4092 1479 4158 hanc-enumerationem
1494 4093 1571 4159 licet
1585 4094 1760 4165 affirmare.

423 4200 456 4263 in
481 4219 547 4281 qua
569 4199 645 4265 illae
673 4205 785 4284 gentes
808 4220 893 4282 quae
916 4203 947 4277 5,
960 4204 1057 4283 44sq.
1081 4204 1275 4281 tractantur,
1298 4206 1430 4283 praeter
1452 4222 1552 4285 supra
1576 4202 1761 4268 nominatas

422 4305 528 4371 locum
555 4327 620 4370 non
648 4306 779 4372 hahent.
825 4326 899 4371 nam
927 4327 1000 4371 cum
1022 4305 1167 4390 Augilas
1189 4305 1296 4371 medio
1319 4306 1388 4372 fere
1410 4308 1515 4391 spatio
1537 4309 1624 4375 inter
1646 4306 1761 4393 Syrtes

424 4418 458 4476 et
480 4410 663 4496 Aethiopas
691 4410 904 4477 occidentales
932 4411 1132 4477 collocentur
1160 4416 1206 4495 (5,
1219 4413 1286 4496 27),
1314 4418 1384 4478 tota
1407 4413 1524 4480 Africa
1546 4415 1676 4500 expleta
1698 4420 1757 4485 est.

534 4553 553 4622 ¹)
573 4552 619 4607 hio
636 4554 837 4609 memoratione
855 4553 970 4622 dignum
988 4558 1032 4608 est
1049 4554 1143 4623 Syrtes
1165 4553 1312 4624 pluraliter
1334 4552 1369 4607 de
1391 4570 1447 4607 una
1467 4554 1556 4609 minus
1577 4554 1677 4610 usitate
1694 4555 1758 4626 dici,

421 4643 452 4693 at
477 4639 549 4694 dixit
571 4641 611 4695 sic
630 4640 734 4697 Varro:
757 4641 831 4696 Plin.
855 4643 927 4707 7,14
951 4641 1115 4711 (secundum
1135 4641 1306 4697 Graecorum
1329 4646 1361 4695 ut
1378 4641 1488 4696 videtur
1506 4660 1586 4697 usum
1605 4643 1640 4704 cl.
1660 4644 1757 4713 o‚136.

423 4729 475 4784 194
497 4728 546 4782 ubi
568 4746 682 4799 graecos
706 4733 833 4785 auctores
856 4729 969 4785 subesse
991 4745 1098 4785 censeo.
1136 4746 1301 4799 quamquam
1323 4746 1423 4799 graeca
1447 4732 1574 4802 exempla
1596 4732 1685 4788 lexico
1702 4749 1757 4787 non

422 4818 622 4889 suppeditant).

530 4909 553 4977 2)
571 4924 637 4961 cave
656 4905 690 4963 de
708 4908 748 4961 eis
766 4908 835 4962 haec
853 4908 982 4977 accipias,
1000 4908 1048 4977 qui
1066 4907 1139 4963 inter
1150 4905 1245 4961 Nilum
1263 4910 1293 4961 et
1310 4907 1401 4961 sinum
1413 4907 1565 4963 Arabicum
1583 4910 1690 4966 sedent.
1726 4910 1756 4963 hi

421 4997 494 5051 enim
512 4997 548 5051 ad
565 4996 665 5052 Asiam
683 4996 831 5065 pertinent.

529 5084 554 5154 8)
572 5085 609 5140 de
627 5083 816 5141 Nasamonum
833 5087 945 5141 nomine
964 5086 1011 5155 (cf.
1031 5088 1056 5157 5,
1067 5088 1112 5158 33)
1131 5088 1189 5156 agit
1207 5088 1282 5145 Serv.
1302 5093 1374 5146 auct.
1394 5089 1464 5144 Aen.
1484 5089 1527 5149 11,
1537 5088 1598 5143 265.
