4275 6025
1060 754 1102 819 88

414 968 532 1035 similia
555 973 664 1035 autem
687 966 775 1051 apud
798 963 920 1032 Melam
944 971 975 1044 1,
988 968 1030 1036 66
1054 965 1207 1047 leguntur
1228 986 1288 1031 nec
1310 970 1418 1031 tamen
1441 986 1482 1031 ex
1495 964 1584 1031 Mela
1598 965 1751 1032 Pliniana

413 1074 533 1141 hausta
556 1077 641 1151 6661,
665 1076 839 1158 616616166
861 1071 948 1156 quod
971 1072 1114 1138 siderum
1137 1071 1223 1157 apud
1248 1092 1322 1138 eum
1338 1072 1460 1138 mentio
1474 1092 1539 1138 non
1553 1070 1600 1142 fit.
1639 1073 1751 1157 itaque

413 1179 458 1247 ad
479 1202 679 1248 communem
701 1179 824 1245 fontem
846 1179 1008 1245 reicimur.

522 1287 659 1371 deniqne
682 1291 750 1352 tres
774 1286 857 1350 sexti
880 1283 956 1349 libri
978 1290 1105 1350 restant
1126 1285 1203 1350 loci:
1226 1284 1312 1351 Plin.
1337 1287 1425 1364 680
1451 1281 1561 1370 0111686
1583 1296 1612 1349 61
1633 1286 1753 1370 Arppre

409 1394 519 1479 fertilis
540 1394 667 1458 metallis
689 1404 722 1457 61
744 1395 841 1472 made,
865 1415 938 1455 6661.
961 1394 1041 1477 qood
1068 1393 1165 1477 clipei
1193 1394 1342 1457 tradidere
1370 1415 1495 1457 caream
1525 1402 1752 1476 arpenteache

415 1501 461 1564 dia
482 1500 580 1564 solum
601 1521 660 1565 esse
683 1502 766 1565 baud
781 1500 877 1586 facile
899 1500 1092 1564 crediderim:
1112 1500 1195 1565 haeo
1216 1498 1305 1566 Mela
1326 1500 1458 1584 exponit
1482 1502 1511 1578 3,
1525 1502 1579 1569 70.

519 1590 605 1677 Plin.
629 1609 739 1689 6188
763 1606 882 1671 similia
904 1604 1036 1688 quidam
1059 1605 1101 1670 de
1115 1604 1287 1690 Pygmaeis
1303 1604 1420 1670 docent
1436 1607 1534 1689 61616
1549 1603 1637 1669 11616
1652 1607 1682 1685 3,
1696 1606 1750 1672 81.

412 1712 615 1778 1166666666
639 1734 747 1779 86168
770 1711 870 1778 habet
900 1715 931 1790 6,
946 1714 1009 1782 191
1041 1714 1166 1798 quidem
1195 1724 1223 1777 et
1252 1714 1286 1774 in
1315 1732 1348 1775 eo
1380 1721 1476 1773 tractu
1507 1711 1639 1774 6661666
1667 1709 1752 1773 colles

413 1841 539 1883 unwano
561 1821 708 1905 opacitate
730 1821 842 1883 vestitos
864 1819 1058 1904 Aepiponum
1081 1817 1316 1905 Sctprorrcmprce
1336 1817 1528 1904 6166611161.
1554 1816 1640 1881 Mela
1660 1817 1691 1890 3,
1708 1817 1750 1884 95

412 1926 492 1989 altro
515 1938 644 1991 16661616
667 1926 793 2014 (Theon
816 1924 965 2012 ochema)
988 1927 1062 1990 ciret
1083 1926 1165 1989 661116
1187 1926 1273 2010 loapo
1295 1936 1407 1989 1166161
1428 1924 1523 2009 aspa
1544 1922 1680 1987 litoribus
1705 1921 1752 1984 cb

414 2034 529 2108 ductus,
553 2036 634 2096 ande
656 2036 792 2097 61866161·
814 2044 948 2120 patentes
970 2035 1066 2118 mapis
1081 2035 1184 2120 campi
1197 2056 1289 2119 66616
1304 2044 1337 2096 61
1346 2033 1482 2120 perspici
1489 2041 1617 2118 possunt
1630 2028 1752 2091 Parrum

415 2135 660 2225 Sctprcracmqoe.

521 2265 605 2329 quae
636 2246 664 2311 si
691 2250 779 2310 recte
801 2243 1045 2329 disputavimus,
1069 2244 1177 2311 Melae
1199 2252 1365 2312 auctorem
1387 2249 1500 2310 notum
1522 2243 1622 2309 fuisse
1643 2242 1752 2308 Plinio

413 2350 479 2415 iam
517 2371 581 2415 non
619 2352 714 2417 nimis
753 2351 861 2417 audax
897 2350 1026 2418 videtur
1063 2353 1258 2418 coniectura.
1316 2353 1428 2436 itaque
1466 2352 1535 2417 eius
1569 2370 1683 2416 nomen
1717 2349 1752 2413 in

388 2454 575 2522 indicibus
606 2456 766 2523 Plinianis
796 2462 923 2523 exstare
953 2458 1122 2542 probabile
1154 2464 1212 2524 est.
1266 2478 1326 2524 nec
1355 2464 1465 2524 tamen
1494 2456 1581 2522 idem
1611 2462 1661 2522 est
1696 2455 1752 2540 qui

412 2561 522 2628 Plinio
555 2563 590 2627 in
617 2562 770 2647 Europae
804 2563 1051 2646 septentrionali
1085 2564 1309 2648 descriptione,
1344 2563 1401 2628 ubi
1433 2585 1455 2628 a
1488 2570 1596 2630 vetere
1626 2584 1692 2648 qna
1718 2563 1752 2626 in

412 2667 619 2735 meridionali
635 2690 708 2734 eum
724 2690 818 2735 usum
834 2688 903 2733 esse
919 2668 1237 2754 1611661666111668,
1253 2670 1414 2754 periegesi
1429 2671 1572 2750 recessit,
1596 2669 1752 2735 recentio-

413 2796 482 2841 rem
506 2774 683 2842 doctrinam
707 2774 937 2859 suppeditavit.
978 2798 1175 2862 quamquam
1192 2777 1324 2842 enimin
1340 2777 1522 2861 Hispaniae
1544 2798 1600 2842 ora
1624 2782 1752 2859 septen·

413 2880 547 2948 trionali
578 2882 678 2945 mirus
709 2901 883 2946 consensus
913 2886 962 2946 est
992 2881 1075 2948 adeo
1106 2888 1144 2947 61
1173 2882 1229 2948 1116
1260 2884 1345 2948 81661
1366 2881 1455 2948 Mela
1484 2881 1590 2949 forma
1611 2880 1752 2964 lemae

413 2991 527 3054 utatur
557 2986 660 3074 (Mela
684 2990 770 3066 3.1o
793 2986 878 3054 Ρ116.
902 2992 1023 3070 4112.
1051 2996 1166 3055 666116
1187 2994 1296 3072 4115
1321 2988 1477 3079 Idmaec),
1507 2996 1618 3056 tamen
1644 2994 1678 3056 61
1699 2988 1753 3054 1116

414 3094 572 3178 quaedam
618 3092 854 3178 discrepantiae
900 3098 1029 3160 61181661
1065 3131 1104 3143 -
1141 3095 1181 3161 61.
1218 3117 1302 3180 6666
1333 3118 1432 3181 66616
1465 3120 1498 3183 p.
1534 3101 1577 3167 72
1612 3096 1652 3162 de
1686 3097 1752 3162 aris

414 3198 572 3266 Sestiauis
595 3199 777 3265 monuimus
805 3237 842 3248 -
868 3208 901 3266 et
926 3202 960 3266 in
990 3199 1101 3268 Gallia
1124 3200 1367 3286 Germaniaque
1399 3204 1643 3270 determinanda
1665 3203 1753 3269 Mela

414 3304 457 3371 ab
480 3305 537 3370 illo
559 3304 655 3370 abiit:
680 3305 735 3371 ille
759 3306 870 3374 Scaldi
893 3314 998 3374 terras
1021 3309 1178 3394 disiungit
1207 3309 1382 3376 secundum
1409 3312 1620 3378 recentiorem
1646 3332 1752 3389 usum,

414 3410 469 3477 hio
490 3416 528 3475 ut
550 3410 674 3494 priores
698 3411 802 3479 fecere
824 3413 950 3480 Rheno.

522 3536 606 3600 quae
626 3518 734 3584 omnia
750 3520 778 3584 si
793 3520 1110 3604 consideraverimus,
1127 3543 1325 3609 quamquam
1340 3545 1461 3591 nomen
1479 3524 1567 3590 illius
1583 3525 1752 3590 enuntiare

413 3621 469 3688 vix
490 3643 669 3707 possumus,
694 3625 763 3690 eius
786 3631 915 3710 tempus
938 3633 971 3693 ct
994 3627 1132 3694 indolem
1156 3628 1263 3712 quoad
1286 3630 1355 3694 6168
1376 3628 1448 3695 fieri
1476 3631 1593 3714 661611,
1618 3631 1751 3696 611666·

414 3728 612 3813 scripsimus.
658 3751 697 3796 ae
719 3732 747 3796 si
769 3730 923 3799 hariolari
953 3734 1030 3800 11661
1060 3733 1140 3818 6616
1169 3740 1284 3800 contra
1313 3737 1348 3802 L.
1373 3735 1529 3805 Veterem
1559 3737 1659 3803 166161
1688 3757 1752 3802 166

413 3835 517 3916 video,
543 3835 600 3920 qui
623 3836 710 3921 apud
726 3837 869 3903 Plinium
893 3846 1105 3924 6661616616
1128 3841 1230 3925 ipsam
1254 3841 1375 3907 Melam
1397 3843 1430 3907 in
1453 3841 1614 3909 indicibus
1634 3848 1752 3909 exstat.

413 3949 522 4008 161666
544 3963 585 4007 66
607 3943 677 4025 1686
700 3944 831 4028 661666
854 3946 930 4011 11616
953 3947 1096 4031 66161661
1117 3946 1214 4032 61666
1237 3948 1359 4014 6116866
1382 3950 1521 4015 661166
1543 3948 1697 4033 11111661).

413 4087 627 4100 -—-—-—-·-———

523 4153 545 4224 1)
564 4153 664 4208 611166
683 4155 746 4209 loco
765 4155 884 4213 61Ρ116.
903 4159 992 4226 4,115
1015 4159 1137 4214 numeris
1160 4159 1390 4214 commendantur
1417 4176 1467 4215 666
1493 4159 1599 4215 161666
1626 4177 1697 4229 quae
1724 4161 1753 4215 16

415 4240 556 4310 codicibus
574 4242 729 4300 traduntur.

522 4328 544 4400 ²)
563 4329 687 4384 tabulam
705 4333 809 4401 pictam
828 4349 845 4387 6
865 4334 1000 4389 11616161
1019 4336 1113 4405 potins
1132 4337 1190 4390 eius
1216 4341 1328 4392 6661616
1351 4336 1504 4393 adhibitam
1532 4339 1572 4394 ita
1597 4339 1753 4394 institutam

412 4416 498 4473 fuisse
528 4423 620 4473 666661
645 4417 830 4490 Detlefsenus,
858 4422 1060 4497 Bescbreibunp
1081 4426 1198 4482 Italicas
1222 4427 1291 4482 1901
1317 4444 1344 4496 p.
1367 4428 1386 4481 4
1408 4426 1472 4482 666.
1495 4430 1520 4494 2,
1542 4431 1574 4482 61
1600 4427 1754 4483 meridiana

413 4505 582 4575 superiorem
610 4511 718 4575 partem
747 4509 805 4564 eius
833 4515 968 4581 tenerent,
997 4513 1225 4583 septentrionalia
1251 4513 1420 4569 inferiorem.
1462 4516 1507 4570 cui
1535 4516 1674 4571 adsentire
1696 4533 1753 4571 non

412 4609 533 4662 possum.
552 4610 617 4648 6616
630 4595 678 4650 1116
690 4613 745 4665 666
756 4599 856 4654 6111161
865 4601 941 4655 16666
952 4602 1035 4655 sliam
1045 4603 1259 4672 explicationem
1269 4602 1393 4657 admittit
1402 4619 1517 4673 666666
1526 4605 1752 4675 probabiliorem.

412 4681 488 4738 Mela
507 4686 581 4738 enim
600 4683 636 4738 ab
663 4684 771 4741 oriente
790 4687 902 4743 ltaliam
930 4691 1078 4763 adtingens
1101 4694 1127 4753 2.
1137 4692 1172 4748 58
1200 4709 1261 4746 eam
1288 4692 1347 4745 eius
1374 4692 1525 4762 imaginem
1552 4695 1692 4764 proponit,
1721 4700 1754 4750 ut

413 4772 490 4840 66661
509 4770 544 4825 ab
563 4772 684 4854 Alpibus
702 4775 876 4844 prospiceret
894 4781 983 4832 totam
1002 4782 1119 4835 terram:
1140 4780 1175 4833 ab
1194 4779 1316 4848 Alpibus
1334 4779 1434 4849 incipit
1452 4781 1480 4834 in
1504 4781 1592 4836 altum
1609 4783 1754 4842 excedere.

412 4859 478 4915 hinc
497 4860 627 4914 dextrum
644 4860 718 4915 16166
741 4867 785 4916 681
809 4864 987 4932 occidentale,
1013 4867 1153 4923 sinistrum
1176 4868 1319 4924 orientale.
1362 4869 1455 4938 116666
1478 4872 1580 4941 6611611
1605 4872 1754 4928 6116611661

412 4948 524 5005 insistit.
561 4949 658 5003 eadem
671 4950 779 5006 ratione
798 4952 872 5021 apud
884 4951 1007 5008 Plinium
1020 4973 1129 5025 qnoque
1142 4958 1168 5024 3,
1176 4957 1212 5012 43
1225 4958 1352 5011 notiones
1364 4957 1458 5014 666166
1469 4964 1499 5014 61
1511 4960 1623 5018 sinister
1634 4963 1754 5035 (166668)

412 5038 594 5109 explicandae
613 5054 674 5093 esse
691 5037 833 5093 videntur:
852 5041 1031 5110 quamobrem
1049 5044 1177 5114 improbo
1200 5061 1271 5114 6666
1289 5044 1459 5102 Gualtherus
1477 5048 1558 5121 Ruga
1580 5050 1610 5104 in
1634 5067 1754 5107 6668616

411 5127 475 5184 libri
498 5127 699 5184 Detlelseniani
718 5129 845 5199 exposuit
864 5129 1057 5201 (Petermanne
1076 5134 1178 5204 (iacgr.
1197 5135 1270 5192 liitt.
1289 5136 1358 5192 1901
1378 5151 1406 5206 p.
1424 5138 1479 5210 87).
