4275 6025
1009 730 1072 795 111

373 939 453 1007 elren
463 938 490 1026 ¹)
513 938 599 1005 Plin.
623 942 654 1020 3,
672 944 805 1011 40-42
828 946 861 1009 et
884 944 937 1023 37,
962 944 1141 1011 201-202
1162 941 1205 1009 ad
1220 942 1402 1012 Varronem
1426 941 1550 1010 referre
1565 948 1711 1010 conatur.

372 1047 491 1113 nititur
516 1053 627 1113 autem
651 1047 792 1131 quadam
821 1038 1042 1129 similitudine,
1075 1071 1159 1135 quae
1185 1050 1272 1116 inter
1293 1050 1352 1116 hos
1375 1048 1462 1116 locos
1484 1049 1656 1116 intercedit
1678 1057 1713 1117 et

373 1151 476 1237 Verg.
499 1173 609 1239 georg.
634 1156 664 1235 2,
683 1156 746 1225 136
753 1176 801 1240 sq.
837 1154 934 1224 Dion.
951 1156 1039 1222 arch.
1058 1163 1088 1238 1,
1106 1154 1195 1243 37³).
1228 1156 1310 1222 talia
1323 1162 1410 1222 certe
1426 1155 1608 1224 Varronem
1622 1156 1712 1223 haud

375 1258 532 1327 dedecent
554 1282 592 1327 ao
614 1260 732 1327 similia
754 1260 909 1346 leguntur
938 1262 1027 1347 apud
1050 1283 1124 1329 eum
1147 1263 1195 1328 rei
1217 1268 1299 1333 rust.
1331 1268 1361 1345 1,
1385 1265 1417 1344 2,
1441 1267 1473 1331 4.
1508 1283 1654 1329 necnon
1677 1265 1712 1329 in

373 1367 453 1452 ipsis
466 1365 714 1453 Antiquitatum
729 1368 822 1435 libris
838 1369 919 1435 talia
934 1370 1087 1435 cecinisse
1098 1369 1227 1436 videtur
1238 1369 1412 1435 seeundum
1423 1368 1525 1436 Mser.
1538 1375 1601 1436 sat.
1614 1374 1709 1453 3,16,

376 1478 429 1547 12.
475 1480 583 1543 temen
617 1497 729 1544 vereor
758 1498 799 1543 ne
830 1477 997 1544 rhetorum
1026 1478 1165 1565 quilibet
1195 1478 1372 1563 discipulus
1406 1477 1488 1543 talia
1521 1496 1713 1563 componere

373 1583 527 1667 potuerit.
573 1604 611 1650 ao
642 1605 683 1650 ne
706 1582 876 1652 Strabonis
908 1584 1037 1669 quidem
1060 1584 1132 1652 laus
1156 1584 1276 1652 Italiae
1298 1583 1473 1669 Polybium
1496 1584 1575 1650 mihi
1597 1602 1712 1668 sapere

373 1688 512 1772 videtur,
541 1688 598 1755 sed
620 1688 774 1769 scholam,
807 1690 847 1757 ef.
879 1690 1030 1763 Menand.
1066 1690 1134 1759 RG
1157 1689 1212 1759 Ill
1237 1695 1303 1762 344
1326 1689 1383 1775 sp.
1413 1694 1456 1775 (p.
1480 1695 1524 1759 44
1547 1689 1710 1770 Bursian).

373 1797 487 1880 itaque
514 1816 587 1863 oum
610 1798 644 1862 in
668 1797 803 1882 singulis
825 1797 923 1864 rebus
945 1798 1031 1863 inter
1054 1819 1109 1864 eos
1139 1819 1221 1882 quos
1244 1820 1265 1864 a
1288 1796 1439 1867 Varrone
1470 1797 1611 1882 pendere
1641 1798 1712 1862 vult

375 1899 581 1984 Geffekenus,
615 1904 715 1969 etiam
740 1903 927 1969 discrimina
949 1910 1138 1988 appareant,
1173 1903 1349 1969 cavendum
1373 1908 1432 1984 est,
1456 1922 1497 1967 ne
1520 1923 1604 1986 quae
1627 1921 1713 1967 eom-

374 2010 463 2075 muni
478 2010 626 2077 doctrina
641 2012 721 2076 artis
736 2009 934 2092 ferebantur,
955 2011 998 2076 ad
1014 2033 1114 2077 unum
1130 2010 1307 2077 referamus
1322 2015 1496 2075 auctorem.
1536 2010 1583 2074 sic
1598 2029 1711 2093 quam·

375 2138 473 2201 quam
489 2115 633 2182 Plinium
655 2117 688 2182 in
710 2117 808 2183 laude
830 2116 888 2182 illa
904 2116 1022 2184 Italiae
1045 2117 1232 2186 aVarrone
1253 2117 1359 2183 multa
1381 2114 1588 2181 transtulisse
1603 2135 1661 2199 per
1676 2134 1713 2179 se

376 2223 506 2288 minime
517 2244 536 2287 a
546 2223 612 2288 veri
623 2223 833 2290 similitudine
844 2223 1007 2303 abhorret,
1020 2230 1130 2289 tamen
1140 2246 1202 2291 non
1213 2224 1316 2290 ausim
1325 2244 1395 2289 eam
1404 2221 1547 2289 Varroni
1556 2221 1711 2290 tribuere.

482 2328 562 2394 haec
595 2330 694 2413 igitur
723 2331 757 2395 in
788 2330 893 2396 medio
926 2331 1155 2415 relinquamus.
1195 2331 1334 2397 certiora
1356 2335 1466 2394 autem
1489 2327 1529 2393 de
1552 2328 1712 2393 mensuris

374 2435 525 2502 videntur
562 2436 647 2502 effici
682 2458 787 2521 posse.
841 2442 941 2523 atque
983 2444 1120 2523 egerunt
1160 2436 1202 2503 de
1240 2438 1286 2503 eie
1330 2435 1489 2521 Iosephus
1527 2432 1712 2517 Partseh⁸)‚

375 2539 544 2609 Gustavus
568 2541 767 2611 Oebmichen
775 2543 814 2631 ⁴),
840 2543 991 2610 Detlelus
1015 2542 1227 2625 Detlefsenl).
1274 2542 1453 2625 exquibus
1476 2541 1710 2608 Oebmiohenus

374 2669 484 2715 omnes
499 2651 653 2717 circuitus
669 2671 834 2717 mensuras
850 2651 894 2717 ad
906 2650 1086 2720 Varronem
1102 2649 1240 2728 rettulit,
1256 2648 1298 2715 sd
1313 2646 1499 2733 Agrippam
1514 2646 1630 2732 reliqui
1645 2646 1713 2713 duo

375 2761 409 2820 et
424 2756 592 2840 generales
607 2757 647 2823 de
658 2757 859 2844 longitudine
874 2756 1111 2843 latitudineque
1122 2763 1155 2823 et
1167 2777 1221 2821 eas
1233 2776 1316 2839 quae
1327 2755 1371 2821 ad
1381 2755 1539 2820 ambitum
1551 2759 1708 2838 spectant.

484 2885 523 2930 ae
544 2863 751 2931 Partschium
782 2865 912 2949 quidem
940 2864 1028 2931 facili
1050 2886 1148 2949 opera
1171 2862 1409 2932 Oehmichenus
1431 2860 1596 2938 refutauit,
1619 2861 1709 2926 euius

372 2977 565 3055 argumenta
590 2971 664 3038 nolo
688 2978 844 3058 repetere.
891 2992 990 3038 unum
1014 2991 1142 3038 moneo:
1173 2970 1263 3055 quod
1285 2969 1437 3036 circuitus
1460 2966 1577 3036 ltaliae
1599 2988 1712 3034 seeun-

373 3076 451 3143 dum
473 3077 627 3144 Partschi
650 3080 922 3164 computationem
938 3081 1058 3165 optime
1073 3100 1147 3144 eum
1163 3076 1333 3162 Agrippae
1347 3097 1499 3142 mensura
1507 3073 1534 3161 ⁸)
1549 3076 1708 3156 convenit,

372 3205 437 3251 non
459 3185 531 3270 ipsa
546 3206 581 3252 re
597 3185 746 3267 efficitur,
764 3185 822 3252 sed
836 3185 989 3253 Partschi
1004 3187 1142 3267 ratione,
1159 3187 1216 3269 qui
1232 3182 1397 3251 nonnullis
1413 3182 1569 3248 mensuris
1585 3181 1710 3246 omissis

373 3291 417 3356 ad
449 3289 619 3357 arbitrium
650 3291 732 3358 alies
763 3290 942 3360 substituit.
975 3291 1017 3358 ad
1039 3290 1222 3360 Varronem
1252 3288 1368 3356 deinde
1396 3288 1538 3355 ambitus
1565 3287 1711 3371 singulas

372 3417 540 3463 mensurae
550 3397 735 3464 referendas
745 3397 1059 3466 esseOehmiehenus
1070 3397 1248 3464 arbitratus
1258 3401 1318 3477 est,
1328 3396 1456 3462 cautius
1467 3394 1597 3479 quidem
1610 3415 1708 3478 quam

372 3503 571 3586 Partschius,
589 3505 645 3570 sed
661 3527 701 3570 ne
716 3506 786 3590 ipse
801 3505 931 3589 quidem
947 3512 1037 3571 certe
1048 3505 1173 3572 ratione
1185 3503 1312 3570 ductus.
1341 3524 1417 3569 narn
1430 3522 1503 3567 cum
1515 3522 1580 3566 una
1591 3501 1709 3585 peripli

372 3631 523 3678 mensura
546 3617 635 3677 certo
657 3613 843 3679 testimonio
858 3612 1003 3681 Varroni
1024 3611 1199 3691 tribuatur,
1222 3617 1346 3677 ceterae
1368 3628 1498 3693 quoque
1513 3607 1554 3673 ad
1571 3606 1709 3672 eundem

371 3717 534 3801 pertinere
567 3717 674 3783 edicit.
721 3716 861 3801 denique
894 3716 1104 3784 Detlefsenus
1136 3739 1175 3783 ex
1211 3717 1349 3782 arbitrio
1376 3735 1444 3780 rem
1476 3712 1639 3792 tractavit,
1670 3732 1710 3777 eo

372 3823 504 3890 consilio
536 3829 574 3888 ut
606 3820 778 3908 Agrippae
808 3824 916 3891 omnia
946 3825 1135 3891 vindicaret.
1181 3845 1256 3888 nam
1283 3843 1342 3906 pro
1370 3820 1428 3886 illa
1449 3839 1602 3885 memma
1624 3837 1708 3900 quae

372 3929 515 3998 Varroni
546 3928 750 4010 adscribitur,
783 3929 920 3997 alteram
951 3932 984 3996 in
1012 3929 1158 3997 ordinem
1187 3930 1317 4014 recepit,
1350 3948 1447 4011 quam
1473 3925 1611 4012 plerique
1635 3945 1710 4008 pro·

372 4036 531 4108 beverunt
554 4038 585 4114 3,
602 4037 656 4116 95,
680 4035 806 4103 abiecta
822 4057 861 4102 ea
876 4057 960 4121 quae
975 4035 1072 4102 unica
1086 4035 1150 4120 ipsi
1164 4032 1334 4119 Agrippae
1349 4032 1551 4098 attribuitur.
1582 4029 1711 4096 aceedit

372 4142 459 4226 quod
480 4163 522 4208 ne
544 4140 726 4208 Detlefseni
749 4140 880 4226 quidem
900 4142 1098 4228 computatio
1115 4161 1188 4207 oum
1208 4140 1377 4224 Agrippae
1393 4138 1532 4203 circuitu
1547 4137 1706 4220 congruit.

371 4247 523 4314 absoluta
551 4249 654 4333 igitur
686 4250 836 4332 quaestio
866 4256 1012 4330 nonest,
1045 4269 1140 4334 posse
1163 4269 1235 4313 eam
1257 4246 1383 4312 absolvi
1405 4266 1478 4311 cum
1502 4244 1613 4330 eliqua
1634 4264 1711 4328 pro·

370 4353 541 4421 babilitate
563 4355 643 4421 mihi
665 4377 854 4441 persuasum
877 4363 936 4423 est.

481 4496 504 4566 ¹)
525 4495 654 4552 Saturnis
671 4497 763 4552 tellus.
800 4495 898 4552 Herm.
917 4497 952 4553 27
970 4497 1065 4567 (1892)
1081 4513 1108 4566 p.
1129 4495 1279 4552 381-388.

479 4585 500 4654 ¹)
519 4585 593 4640 eddo
612 4583 696 4654 Prop.
716 4586 742 4651 3,
754 4585 798 4654 22,
818 4585 896 4653 17sq.

480 4672 503 4743 ⁸)
520 4672 578 4728 Die
604 4671 786 4744 Darotelluag
811 4671 944 4743 Europus
970 4669 1003 4727 ln
1029 4669 1092 4726 dem
1117 4666 1345 4741 geographorum
1375 4665 1472 4722 Werlte
1498 4665 1545 4722 des
1569 4664 1709 4736 Agrippa.

370 4763 486 4820 Brsslsu
505 4763 575 4818 1875
593 4780 622 4832 p.
640 4763 756 4818 36-45.

478 4854 503 4922 ⁴)
521 4851 710 4908 Prisianum
728 4851 845 4908 Studien
862 4851 933 4908 1880
950 4868 977 4921 p.
997 4850 1113 4905 27-31.

479 4941 505 5012 ⁸)
523 4940 581 4997 Die
596 4939 800 5012 Basobrsibtmp
816 4940 936 4998 Italicas
954 4943 1006 4994 etc.
1026 4937 1096 4994 1901
1115 4955 1144 5008 p.
1163 4938 1278 4994 17-23.

478 5032 500 5102 ⁸)
519 5031 545 5094 3,
561 5031 597 5087 44
614 5030 756 5087 aatoarsoe
777 5034 869 5087 autem
892 5028 1011 5100 (Italiae)
1035 5027 1158 5084 ambitae
1181 5043 1200 5083 o
1225 5025 1298 5084 Varo
1319 5023 1358 5082 od
1380 5023 1496 5081 Arsiam
1513 5010 1589 5096 {U
1602 5011 1710 5076 im

363 5137 395 5192 r·
414 5118 512 5191 efflat.
