4275 6025
1033 733 1076 796 59

387 943 548 1026 adnotavi,
574 943 758 1028 Agrippam
782 944 945 1010 constanti
959 964 1020 1008 usu
1043 944 1277 1028 longitudinem
1300 949 1377 1010 ante
1398 943 1606 1013 latitudinem
1629 947 1726 1013 cello-

387 1070 472 1133 care,
497 1050 551 1115 hic
573 1051 698 1116 inverso
722 1049 834 1116 ordine
857 1071 1023 1115 mensuras
1044 1051 1192 1134 proferri.
1231 1072 1314 1135 quae
1329 1073 1402 1117 cnm
1417 1053 1465 1118 ita
1480 1055 1555 1137 siut,
1579 1055 1726 1121 diversae

386 1157 521 1240 originis
544 1156 651 1223 iudico
674 1178 840 1223 mensuras
863 1179 883 1222 a
905 1156 1013 1222 Plinio
1043 1159 1078 1221 in
1107 1157 1265 1242 periegesi
1292 1158 1437 1240 prolatas
1470 1158 1512 1226 ab
1536 1160 1725 1246 Agrippeia.

388 1285 461 1328 cum
483 1263 639 1348 periegesi
662 1268 770 1329 autem
793 1263 899 1330 Melae
922 1263 1178 1348 descriptionem
1192 1265 1312 1348 optime
1334 1268 1514 1332 consentire
1530 1264 1721 1336 Schwedero

387 1368 535 1435 concedo.
581 1376 616 1434 at
639 1369 835 1434 contrarium
858 1366 933 1433 inde
956 1367 1097 1434 efficitur
1120 1389 1218 1452 quam
1242 1369 1330 1453 quod
1353 1369 1409 1435 ille
1432 1372 1606 1441 conclusit:
1637 1374 1725 1441 Mela

386 1495 516 1559 quoque
538 1474 580 1540 ab
603 1473 755 1559 Agrippa
777 1474 900 1540 alienus
924 1480 983 1540 est.
1474 1555 1477 1559 Ι

494 1603 559 1648 una
583 1604 656 1647 cum
679 1579 779 1648 Creta
802 1582 900 1646 etiam
924 1579 964 1645 de
987 1577 1124 1646 Euboe'a
1146 1586 1256 1646 actum
1278 1586 1337 1664 est,
1369 1603 1453 1666 quae
1483 1585 1645 1651 simillime
1672 1586 1726 1654 de·

385 1689 537 1756 scribitur
559 1696 657 1773 atque
680 1687 794 1756 Orata:
825 1688 1047 1771 Μ1112,107
1072 1694 1105 1753 11
1127 1687 1213 1754 Plin.
1238 1692 1271 1767 4,
1285 1690 1338 1758 63.
1363 1691 1416 1759 64.
1462 1692 1518 1757 ubi
1550 1698 1725 1778 utrumque

384 1797 529 1863 eiusdem
560 1797 701 1863 auctoris
731 1796 877 1881 proferre
905 1795 1086 1861 doctrinam
1109 1794 1216 1880 quiris
1247 1795 1343 1861 facile
1366 1797 1530 1879 concedet,
1561 1799 1618 1863 sed
1650 1819 1724 1865 eum

388 1923 451 1968 uon
468 1902 654 1989 Agrippam
677 1926 745 1971 esse
768 1925 952 1989 persever03
976 1903 1160 1969 accuratius
1183 1923 1257 1968 vero
1279 1902 1359 1970 baec
1382 1925 1552 1990 exponere,
1576 1928 1650 1972 cnm
1671 1928 1724 1973 res

384 2009 499 2074 eadem
535 2011 578 2075 sit
616 2016 716 2094 atque
755 2012 795 2076 de
825 2010 934 2092 Orata,
972 2031 1037 2075 non
1072 2031 1152 2094 opus
1187 2015 1246 2076 est.
1292 2009 1413 2077 cadunt
1440 2013 1543 2096 igitur
1571 2033 1610 2079 ea
1641 2033 1725 2097 quae

387 2112 559 2182 Schweder
581 2116 678 2182 Beitr.
712 2115 750 2183 II
772 2141 804 2202 p.
828 2121 871 2186 57
902 2123 1034 2201 propter
1063 2116 1166 2182 solam
1197 2116 1448 2202 descriptionum
1479 2118 1723 2186 similitudinem

386 2221 481 2289 dixit.
528 2221 569 2287 de
591 2224 740 2289 Sardinia
762 2243 838 2290 vero
862 2230 895 2289 et
918 2221 1324 2308 0111111(Μ1112,112.
1350 2230 1413 2296 113
1437 2225 1524 2293 Pliu.
1548 2228 1579 2304 3,
1593 2228 1645 2295 80.
1669 2229 1724 2295 83.

386 2327 445 2412 84)
468 2349 553 2411 quae
575 2328 836 2397 Miillenboffium
867 2338 995 2398 secutus
1026 2353 1057 2416 p.
1083 2334 1126 2401 68
1153 2331 1228 2400 adn.
1252 2335 1274 2401 2
1297 2333 1473 2414 contendit,
1503 2334 1724 2399 demonstrare

385 2453 427 2498 ne
449 2436 622 2518 temptavit
645 2438 785 2521 quidem.
824 2443 860 2506 at
882 2439 989 2505 hercle
1008 2438 1043 2503 in
1059 2459 1200 2504 summas
1216 2437 1425 2504 difficultates
1441 2439 1643 2521 adducimur,
1668 2437 1724 2505 ubi

385 2559 441 2604 eas
464 2561 634 2608 mensuras
656 2544 700 2609 ad
722 2543 904 2630 Agrippam
928 2543 1050 2609 referre
1074 2543 1231 2608 volumus.
1279 2543 1320 2609 de
1343 2541 1495 2610 Corsicae
1518 2545 1605 2609 enim
1634 2565 1723 2609 men·

383 2649 468 2713 suris
500 2645 517 2714 ὁ
548 2650 759 2738 χωρογράφος
783 2651 907 2738 (811111.
931 2655 1011 2738 224)
1034 2651 1128 2717 testis
1152 2656 1216 2716 est:
1248 2652 1347 2737 μῆκος
1375 2650 1409 2714 δὲ
1432 2657 1488 2738 τῆς
1510 2648 1605 2738 νήσου
1628 2650 1724 2736 φησὶν

381 2749 402 2818 ὁ
424 2755 636 2842 χωρογράφος
658 2759 751 2839 pllio
773 2757 886 2826 ἑκατὸν
909 2757 1073 2846 ἑξήκοντα,
1101 2754 1226 2833 πλάτος
1249 2755 1284 2820 δὲ
1306 2755 1529 2845 ἑβδομήκοντα.
1577 2756 1723 2828 Dimens.

383 2865 559 2932 autemid
588 2883 737 2930 numeros
766 2871 933 2949 corruptos
961 2864 1092 2930 exhibet
1118 2852 1259 2926 UX-X‘X
1279 2870 1312 2929 et
1346 2855 1429 2937 XX]
1452 2862 1639 2946 0101.1,2,
1659 2866 1722 2933 103
1778 2941 1786 2956 ⁶

380 2967 456 3055 (114)
467 2959 562 3033 ΠΧ
576 2975 608 3036 11
621 2960 759 3037 X'XW.
782 2970 868 3037 unde
879 2969 1029 3037 firmatur
1041 2969 1213 3055 longitudo
1225 2970 1399 3038 secundum
1412 2972 1598 3057 Agrippam
1613 2961 1723 3051 d‘b'x‘,

381 3074 589 3141 latitudinem
604 3082 713 3143 antem
729 3099 803 3143 cum
822 3076 922 3145 Orosi
945 3098 1075 3161 quoqne
1093 3097 1245 3142 numerus
1268 3078 1452 3161 corruptela
1474 3078 1611 3160 laboret,
1635 3083 1723 3144 recte

383 3178 608 3265 Partscbins²)
632 3174 742 3247 ῐΧ-ὶῖ
760 3184 888 3250 videtur
910 3185 1116 3251 constituisse
1143 3181 1321 3249 secundum
1343 3180 1548 3252 Strabonem.
1594 3185 1722 3251 Plinius

379 3303 458 3354 'vero
475 3289 506 3368 3,
520 3290 577 3357 801
606 3286 737 3371 Corsica,
761 3292 877 3376 inquit,
903 3343 912 3361 .
936 3342 944 3359 .
969 3292 1059 3375 longa
1082 3313 1207 3379 passum
1231 3279 1296 3361 UD,
1322 3289 1383 3351 lata
1399 3292 1510 3355 maiore
1525 3313 1561 3355 aa
1571 3302 1663 3377 parte
1678 3282 1722 3357 ἶ.

381 3414 466 3477 quos
493 3415 642 3461 numeros
666 3403 775 3462 tuetur
790 3397 889 3463 Mart.
905 3394 986 3481 (lap.
1011 3400 1086 3467 644.
1131 3395 1189 3462 sed
1204 3394 1316 3460 Dicuil
1340 3396 1427 3477 8,13
1452 3397 1509 3480 qui
1531 3398 1618 3461 hunc
1631 3395 1721 3463 Plini

382 3500 488 3567 locum
511 3501 633 3584 laudat,
667 3525 727 3587 pro
749 3504 857 3588 priore
880 3493 979 3568 Ἦ
998 3503 1138 3584 exhibet,
1163 3503 1303 3568 alterum
1318 3502 1432 3568 omisit.
1464 3503 1516 3569 fac
1531 3504 1632 3587 igitur
1647 3523 1721 3569 eum

382 3608 424 3673 de
445 3608 646 3691 longitudine
670 3632 780 3677 verum
803 3631 962 3677 servasse:
987 3611 1027 3677 de
1049 3610 1223 3676 latitudine
1245 3610 1335 3676 nullo
1358 3609 1453 3675 mode
1469 3609 1619 3676 convenit
1633 3609 1721 3676 inter

379 3713 525 3781 Plinium
541 3723 574 3781 et
596 3716 791 3802 Agrippam.
837 3724 947 3784 tamen
969 3716 1119 3783 addenda
1146 3738 1215 3782 esse
1230 3706 1311 3779 ’Π
1332 3736 1467 3781 numero
1490 3713 1640 3780 Pliniana
1663 3716 1721 3780 ali-

380 3822 455 3905 quis
479 3823 661 3892 coniecerit.
707 3830 785 3891 tunc
807 3846 979 3891 consensus
1002 3824 1134 3908 quidem
1158 3844 1230 3890 cnm
1254 3821 1414 3890 Strabone
1438 3820 1556 3904 evadit,
1580 3821 1637 3886 sed
1660 3820 1719 3886 ob-

382 3934 448 3994 stat
470 3928 558 4012 qnod
580 3929 787 3997 latitudinem
813 3932 899 3998 iusto
922 3931 1060 4016 amplius
1083 3931 1126 3997 ab
1149 3932 1300 4015 Agrippa
1323 3929 1533 3996 constitutam
1557 3947 1626 3993 esse
1648 3928 1718 4012 ipse

379 4028 572 4102 Partschius
595 4038 729 4105 monuit.
775 4037 861 4103 unde
883 4038 1077 4104 temeritatis
1100 4042 1149 4103 est
1171 4036 1336 4103 meliorem
1354 4034 1443 4101 Plini
1465 4055 1635 4100 numerum
1650 4053 1719 4100 cor·

380 4160 539 4225 rumpere.
579 4141 620 4208 de
643 4142 844 4225 longitudine
865 4143 965 4228 igitur
980 4164 1032 4218 res
1047 4164 1088 4209 ne
1103 4141 1183 4228 quid
1199 4141 1303 4208 dicam
1318 4140 1458 4225 gravius,
1483 4140 1636 4224 ambigua
1658 4146 1718 4219 est,

379 4246 588 4313 latitudinem
619 4268 695 4314 vero
730 4268 795 4315 non
830 4249 998 4314 convenire
1036 4255 1162 4314 certum
1196 4254 1254 4315 est.
1314 4245 1523 4331 quamobrem
1561 4246 1718 4314 audacius

380 4354 509 4421 videtur
533 4352 686 4421 Partscbi
708 4376 863 4421 conamen
885 4353 1038 4422 Corsicae
1061 4375 1229 4421 mensuras
1252 4353 1422 4436 Agrippae
1444 4352 1627 4419 tribuentis.

488 4482 572 4544 quae
606 4462 767 4527 sententia
794 4461 893 4527 etiam
916 4460 1136 4527 infirmabitur
1166 4459 1222 4525 ubi
1247 4456 1418 4525 Sardiniae
1450 4480 1618 4526 mensuras
1645 4481 1719 4527 con·

380 4552 530 4651 templati
561 4568 688 4634 erimus.
736 4589 817 4652 quas
846 4590 887 4634 ne
915 4567 1105 4635 Partschius
1138 4566 1267 4653 quidem
1298 4566 1468 4651 Agrippae
1498 4565 1578 4633 dare
1608 4565 1718 4634 audet.

379 4674 503 4758 largius
531 4675 617 4740 enim
639 4695 808 4741 mensurae
831 4696 915 4760 quae
938 4673 981 4741 ab
1005 4695 1043 4741 eo
1072 4672 1223 4758 pendent,
1257 4672 1483 4757 suppeditant:
1517 4669 1627 4739 Strab.
1651 4676 1718 4743 224

376 4778 543 4867 Σαρδόνος
565 4779 600 4845 δὲ
622 4786 721 4868 μῆκος
743 4777 892 4847 διακόσια
915 4778 1026 4858 εἴκοσι,
1049 4775 1177 4855 πλάτος
1199 4776 1233 4843 δὲ
1256 4773 1438 4865 ἐνενήκοντα
1461 4771 1554 4843 ὀκτώ.

378 4938 593 4951 hu·—

378 5112 403 5169 B
447 5112 457 5167 l
489 5028 510 5098 l)
528 5027 585 5084 Die
612 5028 796 5100 Duratellaag
825 5026 955 5097 Europus
983 5026 1016 5081 ia
1045 5025 1104 5082 dem
1129 5026 1358 5098 9⁶⁰9'0Pd2'00'lffl
1381 5024 1483 5082 WW·
1506 5024 1552 5081 αα
1578 5023 1716 5096 mm·

403 5116 691 5186 111111875148.
1547 5135 1549 5140 ’
