4275 6025
1055 728 1099 791 22

406 936 543 1003 adderet
566 940 597 1016 5,
612 940 655 1007 50
670 939 746 1002 inter
761 937 934 1001 Arsinoiten
956 948 1055 1001 autem
1072 960 1107 1001 aa
1121 937 1307 1022 Memphiten
1322 938 1405 1000 luna
1419 936 1484 1022 fnit
1507 936 1632 1002 circuitu
1654 930 1744 1004 CCZ

406 1054 460 1107 aut
492 1054 527 1106 ut
557 1043 720 1107 Mucianus
756 1046 849 1107 tradit
882 1033 1029 1119 CCCC—L,
1069 1055 1098 1108 et
1131 1044 1298 1107 altitudinis
1325 1046 1546 1129 quinquaqinta
1579 1069 1743 1131 passuum·

405 1150 524 1216 iterum
556 1150 684 1215 Plinius
719 1149 862 1217 Muciani
895 1158 1008 1235 utpote
1042 1151 1254 1217 recentissimi
1289 1153 1432 1216 auctoris
1462 1172 1597 1217 numero
1627 1153 1742 1219 addito

404 1256 614 1322 vetustiorem
637 1263 802 1323 auctorem
824 1257 953 1324 videtur
976 1258 1134 1343 supplere.
1172 1278 1278 1341 neque
1293 1278 1368 1323 vera
1383 1264 1546 1323 recentem
1561 1258 1742 1326 doctrinam

403 1362 460 1427 ille
482 1362 630 1446 protulit.
672 1362 835 1430 Herodoti
859 1366 944 1429 enim
967 1341 1080 1431 locuni
1097 1367 1129 1442 2,
1144 1366 1207 1433 149
1231 1385 1295 1448 quo
1315 1385 1391 1429 usus
1409 1370 1458 1429 est
1473 1363 1653 1448 Mucianus,
1676 1366 1742 1432 iam

404 1468 570 1535 Bruanius
602 1468 623 1537 l.
651 1468 672 1533 1.
701 1490 732 1553 p.
757 1472 799 1539 31
831 1469 999 1535 adnotavit
1012 1468 1050 1555 ¹).
1096 1469 1209 1534 addita
1239 1489 1309 1535 esse
1343 1474 1452 1534 autem
1482 1468 1654 1536 Mucianae
1688 1470 1742 1535 bic

404 1597 532 1661 quaqua
555 1581 698 1661 apparet.

510 1683 597 1749 idem
619 1702 683 1749 non
705 1684 810 1748 minus
833 1688 925 1767 patet
940 1686 971 1765 5,
986 1686 1050 1751 128
1074 1703 1138 1766 quo
1154 1682 1195 1747 de
1210 1681 1280 1747 loco
1296 1681 1488 1747 infrenabis
1503 1681 1665 1766 agendum
1681 1688 1740 1762 est,

404 1790 445 1858 ef.
468 1814 501 1875 p.
525 1794 568 1861 79
593 1795 626 1856 et
648 1793 678 1871 5,
694 1794 758 1859 132
773 1789 939 1875 (Rhodus)
963 1790 1054 1852 distat
1078 1789 1116 1852 ab
1136 1790 1325 1853 Alenandria
1350 1789 1484 1873 Aepypti
1509 1779 1749 1853 Um

404 1908 438 1961 ut
458 1898 594 1961 Isidorus
616 1898 755 1975 tradidit,
780 1906 813 1958 ut
826 1896 1040 1961 Eratosthenes
1055 1886 1326 1980 CCCCLXVIII,
1350 1906 1385 1958 nt
1405 1894 1567 1959 Mucianus
1589 1887 1635 1959 Π
1670 1895 1744 1961 Mu·

403 2005 516 2070 cianus
538 2002 600 2067 boc
622 2002 692 2068 loco
718 2022 902 2068 mensuram
932 2004 1063 2069 minime
1094 2008 1281 2069 accuratam
1313 2002 1454 2085 exhibet,
1489 2024 1587 2088 quam
1617 2003 1741 2069 Plinius

404 2109 580 2192 adscripsit
602 2114 734 2193 propter
756 2108 895 2175 hominis
918 2110 1186 2177 aestimationem.

510 2219 622 2279 contra
653 2213 749 2279 aliter
776 2234 828 2280 res
852 2236 885 2280 se
908 2214 1007 2281 habet
1030 2220 1060 2293 5,
1074 2219 1117 2285 83
1140 2216 1357 2302 (Euphrates)
1380 2218 1476 2279 estur
1498 2218 1531 2280 in
1549 2216 1742 2303 praefectura

404 2322 571 2385 Armeniae
590 2324 712 2385 maioris
729 2320 913 2402 Caranitide,
936 2334 971 2387 ut
985 2326 1146 2409 prodidere
1168 2347 1205 2388 ea·
1227 2327 1268 2386 iis
1288 2326 1341 2409 qui
1351 2325 1650 2409 proaimeuiderant,
1674 2323 1742 2389 Do-

403 2430 505 2493 mitius
522 2427 649 2493 Corbulo
671 2432 704 2493 in
726 2441 825 2495 monte
840 2432 920 2516 Apa,
943 2430 1083 2494 Isioinius
1098 2431 1259 2494 Mucianus
1281 2431 1335 2494 suh
1357 2433 1508 2495 radicibus
1529 2434 1639 2497 montis
1654 2455 1742 2517 quent

406 2533 536 2621 Capoten
560 2535 694 2621 appellat
716 2556 782 2619 eqs.
828 2557 893 2620 quo
916 2538 985 2603 loeo
1007 2557 1204 2621 quamquam
1219 2536 1398 2620 Euphratis
1421 2536 1637 2622 descriptione
1658 2541 1743 2623 peri·

404 2643 507 2726 agesis
540 2642 797 2726 interrumpitur,
839 2648 948 2708 tamen
970 2641 1142 2708 Mucianae
1172 2662 1245 2707 cum
1276 2643 1333 2707 illa
1365 2644 1527 2710 artissime
1557 2646 1740 2713 cohaerent.

405 2748 594 2815 Corbulonis
617 2754 723 2814 autem
747 2750 897 2816 notitiam
920 2771 978 2834 per
1000 2750 1187 2816 Mucianum
1210 2749 1252 2815 ad
1275 2749 1418 2816 Plinium
1449 2752 1632 2836 pervenisse
1662 2752 1742 2817 satis

403 2852 618 2938 probabiliter
648 2854 815 2920 Brunnius
854 2856 970 2921 statuit
1015 2877 1046 2939 p.
1076 2859 1129 2933 31,
1164 2855 1220 2921 ubi
1254 2857 1430 2921 rectissime
1462 2860 1574 2937 2180
1611 2878 1742 2942 qnoque

405 2958 598 3028 Corbulonis
621 2981 737 3026 nomen
760 2960 803 3027 ad
826 2960 1013 3028 Mucianum
1037 2963 1208 3032 revocavit.

507 3073 676 3151 praeterea
698 3069 731 3132 in
755 3069 858 3134 altero
881 3068 965 3134 libro
981 3069 1079 3134 semel
1095 3069 1251 3135 landatur
1264 3070 1437 3135 Mucianus
1461 3073 1491 3150 2,
1505 3073 1569 3140 231
1593 3071 1628 3135 in
1642 3071 1741 3155 longa

405 3173 487 3240 serie
510 3173 738 3239 miraculorum
746 3171 783 3259 ⁹),
808 3194 907 3256 quam
930 3195 951 3238 a
973 3173 1081 3240 Plinio
1104 3175 1175 3258 ipso
1199 3195 1239 3240 ex
1270 3174 1404 3242 diversis
1436 3175 1622 3241 auctoribus
1656 3197 1741 3242 com-

404 3280 544 3366 positam
593 3299 662 3345 esse
711 3284 844 3364 propter
894 3281 1070 3365 abruptum
1119 3282 1219 3346 totius
1264 3283 1516 3348 enumerationis
1561 3303 1741 3349 sermonem

404 3385 536 3454 conicio.

510 3491 567 3556 sad
589 3510 655 3556 non
678 3511 758 3574 opus
781 3497 831 3556 est
854 3493 961 3558 omnia
983 3498 1187 3576 pertractare
1210 3493 1392 3577 fragmenta
1414 3516 1499 3579 quaa
1518 3517 1577 3580 per
1592 3517 1741 3580 magnam

403 3604 532 3685 partem
541 3597 711 3664 Naturalis
726 3597 897 3665 Historiae
912 3598 1055 3684 dispersa
1071 3606 1159 3666 sunt:
1175 3602 1210 3666 in
1224 3601 1448 3685 geographicis
1463 3600 1556 3667 libris
1568 3601 1741 3668 Mucianea

404 3707 446 3774 ab
469 3707 562 3773 initio
585 3727 659 3773 cum
681 3707 838 3791 periegeei
860 3707 1030 3773 coniuncta
1052 3728 1118 3773 nan
1142 3714 1220 3773 sunt
1242 3729 1281 3773 ac
1303 3730 1344 3774 ne
1368 3714 1398 3787 b,
1410 3712 1453 3779 83
1476 3709 1607 3794 quidem
1631 3708 1687 3775 ubi
1707 3709 1741 3774 in

405 3815 559 3882 continua
581 3814 765 3879 narratione
787 3813 1004 3880 inveniuntur.

512 3919 552 3986 de
575 3939 672 4003 apere
694 3925 804 3984 autem
826 3919 896 4002 ipso
919 3918 998 4002 quid
1022 3924 1214 3997 statuamus,
1246 3918 1383 4001 benigne
1406 3919 1555 4002 accipias.
1595 3919 1629 3983 in
1652 3919 1741 4004 frag-

404 4027 520 4094 mentis
551 4024 731 4090 Mucianeis
765 4022 800 4089 id
834 4024 1037 4108 potissimum
1068 4024 1228 4108 legentem
1265 4023 1409 4103 offendit,
1446 4023 1534 4108 quod
1563 4027 1630 4090 suis
1664 4025 1742 4091 locis

405 4132 559 4198 miracula
597 4127 836 4196 adscribuntur.
891 4129 925 4194 id
962 4128 1050 4214 quod
1087 4130 1141 4194 vix
1182 4130 1280 4195 semel
1324 4130 1536 4197 desideratur.
1589 4153 1666 4198 nam
1704 4137 1742 4198 ut

406 4239 588 4324 exemplum
611 4255 739 4321 ponam,
772 4237 826 4318 32,
837 4238 880 4305 62
911 4256 976 4301 non
1006 4237 1040 4301 in
1063 4236 1247 4302 universum
1280 4237 1320 4303 de
1351 4239 1466 4304 ostreis
1496 4238 1644 4322 loquitur
1667 4238 1742 4305 Mu-

405 4346 525 4428 cianus,
557 4342 616 4410 sed
644 4340 686 4407 de
709 4338 883 4426 Cyzicenis,
916 4339 1110 4425 quibuscum
1145 4347 1252 4407 cetera
1284 4349 1522 4428 comparantur.
1569 4347 1603 4410 in
1633 4344 1742 4432 Cyzici

404 4451 503 4536 igitur
525 4449 739 4535 descriptione
762 4470 801 4515 ea
823 4455 1002 4530 versantur,
1027 4469 1091 4514 non
1115 4449 1149 4514 in
1164 4449 1382 4535 disputatione
1402 4451 1543 4534 quadam
1560 4453 1601 4518 de
1614 4454 1740 4521 ostreis.

406 4557 494 4642 quod
514 4577 589 4622 vero
612 4557 739 4622 Plinius
762 4559 794 4636 8,
807 4559 872 4625 201
896 4560 929 4621 et
952 4557 983 4634 8,
997 4558 1061 4625 215
1086 4555 1173 4621 locos
1196 4577 1260 4622 non
1283 4556 1423 4637 exbibet,
1446 4558 1510 4642 ipsi
1532 4558 1741 4625 tribuendum

404 4664 542 4730 videtur.
587 4683 663 4728 nam
678 4662 865 4729 Mucianum
880 4663 977 4729 sicuti
1000 4663 1080 4729 alibi
1102 4683 1166 4729 non
1190 4664 1293 4730 solum
1310 4663 1390 4749 quid
1403 4664 1545 4748 vidisset,
1569 4665 1627 4730 sed
1642 4666 1741 4731 etiam

515 4841 538 4909 ¹)
555 4855 721 4907 quamquam
748 4838 822 4906 quod
848 4854 900 4909 pro
922 4857 991 4895 voce
1013 4837 1112 4913 ὀργυιά
1138 4839 1264 4895 cubitum
1281 4858 1299 4895 a
1316 4839 1446 4894 blociano
1473 4841 1654 4896 substitutum
1681 4857 1742 4896 esse

404 4929 482 5001 dicit,
501 4930 584 4984 emat.
621 4943 685 4981 nam
703 4927 770 4982 licat
789 4927 855 4982 satis
873 4928 967 4997 inepte
984 4928 1104 4983 altitudo
1122 4927 1250 4998 passibus
1268 4931 1452 4997 computetur,
1470 4931 1564 4984 tamen
1582 4930 1607 4985 si
1619 4929 1742 5000 spatium

406 5016 581 5089 spectatoris,
599 5013 749 5070 &modum
768 5016 886 5084 quadrat
903 5015 982 5070 notio
1000 5032 1107 5085 passus.

514 5108 535 5176 a)
554 5103 590 5159 de
609 5119 639 5158 ra
658 5103 692 5158 cl.
712 5102 794 5160 Paua
814 5105 839 5173 6,
849 5104 892 5174 26,
911 5106 973 5172 laq.
