4275 6025
938 669 1079 777 'ee

392 926 478 993 forte
499 925 626 991 insulae
649 922 816 989 cuiusdam
831 921 925 990 Botis
948 942 1064 989 nomen
1087 922 1175 1007 quod
1195 921 1313 1007 Geogr.
1329 922 1475 990 Rauenn.
1492 927 1524 1008 b,
1537 926 1580 995 32
1602 946 1634 1009 p.
1649 928 1725 1009 440,

390 1038 434 1105 20
456 1032 551 1101 Ρ.-Ρ.
577 1033 726 1113 servavit,
751 1029 794 1097 ad
817 1052 871 1097 eos
892 1031 1043 1116 pertinet.
1092 1029 1212 1098 Suevos
1234 1031 1336 1116 igitur
1366 1052 1426 1117 pro
1456 1032 1566 1116 ignoto
1597 1033 1726 1100 nomine

390 1162 507 1227 parum
530 1139 671 1206 feliciter
693 1138 888 1204 substitutos
912 1159 981 1204 esse
1004 1159 1042 1203 6ο
1065 1138 1269 1221 cognoscitur
1292 1138 1378 1221 quod
1402 1137 1483 1205 haec
1505 1158 1584 1224 gens
1605 1139 1665 1205 illa
1687 1138 1727 1205 de

390 1268 457 1332 qua
487 1247 597 1331 agitur
629 1249 737 1311 aetate
769 1246 868 1331 (auno
900 1248 943 1315 62
976 1265 1006 1311 6.
1031 1244 1125 1328 chr.)
1152 1265 1242 1311 mare
1268 1265 1333 1310 non
1359 1246 1480 1329 attigit.
1532 1246 1645 1329 itaque
1673 1245 1727 1312 hio

390 1353 517 1420 Plinius
539 1352 726 1438 Nepotiane
748 1373 813 1417 uon
835 1371 876 1417 ex
897 1350 968 1436 ipso
991 1351 1140 1436 sumpsit,
1165 1370 1250 1433 qnae
1271 1370 1325 1416 res
1346 1352 1476 1436 egregie
1506 1350 1726 1436 confirmatur,

390 1460 447 1527 ubi
470 1458 608 1525 indicem
630 1458 896 1543 contemplamur.

497 1570 645 1652 spectant
668 1566 752 1631 enim
775 1564 819 1631 ad
845 1565 876 1630 h.
900 1564 922 1633 l.
950 1564 1030 1632 haec
1057 1565 1093 1630 in
1118 1563 1224 1630 iudice
1251 1564 1396 1631 nomina:
1423 1563 1459 1629 Τ.
1479 1563 1569 1629 Liuio
1595 1563 1727 1631 &aaa

393 1671 507 1758 Nepote
537 1670 646 1738 Sabaeo
680 1670 779 1737 Caelio
812 1671 986 1759 Antipatro.
1044 1669 1082 1736 Τ.
1116 1669 1248 1737 Livium
1284 1692 1350 1755 quo
1383 1672 1454 1738 iure
1488 1693 1561 1739 enm
1597 1673 1727 1758 Nepote

391 1779 631 1864 coniungamus,
656 1800 698 1845 cx
718 1801 750 1864 p.
769 1780 864 1861 16sq.
889 1778 1003 1843 elucet.
1052 1774 1195 1843 Sebosus
1221 1784 1332 1844 autem
1357 1800 1432 1845 cum
1458 1780 1543 1845 inter
1565 1778 1727 1864 Nepotem

390 1892 423 1953 et
446 1884 593 1954 Caelium
617 1884 773 1952 afferatur
795 1905 856 1950 nec
877 1889 986 1949 tamen
1009 1884 1185 1968 quicquam
1207 1885 1293 1952 inter
1315 1907 1355 1953 ea
1376 1886 1563 1953 testimonia
1587 1887 1727 1967 intersit,

390 1992 470 2077 quin
486 1990 579 2058 anli
602 1991 782 2058 doctrinam
798 1990 906 2056 Plinio
929 1990 1191 2074 suppeditaverit,
1214 1992 1269 2058 vix
1291 1992 1428 2060 dubium
1443 1999 1502 2060 est.
1540 1992 1728 2079 Nepotiane

390 2099 491 2182 igitur
512 2119 570 2183 per
584 2096 622 2166 Τ.
638 2095 768 2162 Livium
783 2096 891 2162 Plinio
914 2095 1065 2162 videntur
1080 2096 1201 2179 oblata,
1224 2098 1294 2183 ipse
1309 2098 1421 2185 Nepos
1436 2123 1457 2167 a
1472 2100 1578 2167 Melae
1594 2107 1728 2168 auctore

392 2204 559 2271 adhibitus
583 2209 642 2269 est.
688 2224 794 2286 neque
817 2207 927 2269 tamen
950 2202 992 2269 ab
1023 2204 1093 2288 ipso
1115 2204 1202 2270 Mela
1232 2225 1306 2271 cum
1335 2206 1424 2272 fonte
1456 2207 1513 2273 illa
1542 2208 1729 2275 testimonia

392 2332 462 2377 esse
495 2311 665 2377 coniuncta
698 2310 778 2375 mihi
808 2310 1017 2394 persuaseris.
1072 2332 1137 2375 non
1171 2312 1256 2376 enim
1290 2333 1328 2377 eo
1362 2311 1433 2379 loco
1467 2319 1627 2398 apparent
1663 2335 1728 2398 quo

394 2440 508 2486 sanum
532 2425 697 2485 auctorem
720 2439 758 2483 ea
782 2418 955 2485 collocasse
978 2418 1164 2499 conieceris,
1187 2440 1302 2503 nempe
1324 2421 1358 2485 in
1376 2419 1586 2504 praefatione,
1610 2418 1728 2485 ubido

392 2524 470 2592 orbe
492 2532 655 2592 terrarum
678 2526 712 2590 in
734 2526 920 2591 universum
942 2524 1106 2609 agendum
1129 2531 1209 2593 erat.
1256 2526 1343 2611 quod
1365 2527 1489 2592 factum
1511 2524 1613 2591 tuisse
1642 2525 1729 2590 haud

391 2634 457 2699 scio
479 2654 522 2699 an
544 2638 633 2698 recte
655 2632 855 2698 subsentiam
877 2633 911 2697 in
931 2633 1011 2717 ipsis
1027 2632 1135 2698 Melae
1156 2632 1262 2699 verbis
1286 2638 1317 2717 3,
1329 2637 1372 2703 45
1396 2635 1449 2697 sed
1461 2642 1581 2719 praeter
1592 2632 1729 2719 physicos

391 2739 615 2825 Homerumque
647 2740 735 2824 ‹qui›
749 2738 774 2823 ¹)
805 2740 977 2803 uuiversum
1006 2739 1108 2803 orbem
1138 2741 1219 2803 mam‘
1248 2739 1459 2827 circumfluam
1488 2760 1548 2804 esee
1580 2739 1727 2812 aueum

396 2845 549 2911 Carmeliue
582 2845 682 2932 Nepos
716 2868 783 2932 eqs.
840 2846 952 2931 Nepos
988 2851 1075 2912 certe
1110 2847 1174 2913 duo
1207 2846 1267 2913 illa
1301 2847 1342 2913 de
1376 2847 1488 2913 oceani
1522 2845 1730 2913 cohaerentia

390 2954 575 3020 testimonia
597 2959 635 3021 ut
657 2975 718 3040 par
740 2952 805 3020 fuit
825 2953 995 3020 coniuncta
1017 2952 1197 3038 proposuit,
1225 2952 1259 3018 id
1282 2953 1369 3038 quod
1395 2974 1435 3021 ex
1457 2952 1562 3019 Plinio
1593 2954 1638 3040 (2,
1654 2952 1727 3023 169.

393 3061 472 3146 170)
495 3061 647 3144 colligere
669 3060 755 3128 lieet.
802 3080 842 3125 ex
864 3079 928 3125 uno
960 3059 1032 3125 loco
1055 3058 1162 3126 Melae
1192 3080 1320 3145 quoque
1350 3060 1451 3127 verba
1475 3063 1505 3141 3,
1518 3064 1562 3132 45
1585 3066 1619 3126 et
1641 3064 1671 3143 3,
1686 3063 1729 3130 90

392 3167 524 3253 dirupta
555 3187 624 3233 esse
655 3164 745 3232 haud
767 3166 833 3231 seio
855 3185 898 3230 an
921 3164 1134 3231 similitudine
1155 3166 1327 3232 verborum
1351 3167 1580 3251 subindioetur,
1611 3166 1731 3254 quibus

391 3273 449 3338 illa
471 3272 683 3339 inducuntur:
707 3275 738 3352 3,
751 3277 795 3341 44
818 3271 900 3336 ultra
920 3269 1064 3358 Caspium
1086 3273 1186 3336 einum
1207 3274 1355 3359 quidnam
1376 3285 1456 3353 esset,
1480 3274 1656 3360 ambiquum
1671 3273 1730 3338 ale·-

392 3381 537 3466 quamdiu
557 3377 625 3466 suit
646 3379 687 3446 of.
711 3383 741 3461 3,
755 3383 799 3449 90
821 3380 945 3443 dubium
969 3380 1159 3464 aliquamdiu
1173 3379 1248 3466 ficit,
1272 3392 1379 3446 eseaue
1400 3381 1481 3445 ultra
1501 3382 1636 3468 palaque.

498 3483 659 3570 Nepotem
681 3486 783 3569 igitur
798 3484 1021 3569 Sebosumque
1044 3484 1132 3569 apud
1154 3484 1262 3552 Melae
1284 3493 1451 3552 auctorem
1466 3492 1596 3571 praeter
1610 3487 1730 3572 prima-

392 3595 477 3660 rium
500 3592 621 3659 fontem
644 3591 826 3658 adhibitum
850 3612 919 3657 esse
941 3591 1012 3656 iure
1035 3591 1150 3675 opinor
1172 3590 1403 3662 concludimus.
1442 3613 1526 3676 quae
1548 3592 1591 3657 ad
1605 3598 1729 3677 tempo·

392 3723 467 3768 rum
498 3700 640 3767 rationes
667 3701 764 3783 plane
786 3698 988 3764 conveniunt.
1034 3718 1111 3763 nam
1134 3696 1292 3764 Sebosum
1315 3699 1376 3766 sub
1399 3697 1529 3765 Tiberio
1553 3706 1612 3765 aut
1632 3699 1731 3784 paulo

392 3814 466 3893 post
490 3807 654 3892 scripsisse
677 3828 777 3890 supra
801 3806 1022 3872 demonstrare
1045 3805 1154 3871 eonati
1170 3826 1290 3874 sumus.
1328 3805 1367 3874 Τ.
1384 3827 1458 3872 varo
1473 3804 1603 3871 Livium
1618 3804 1731 3871 codem

392 3917 463 3981 iure
485 3913 527 3980 ab
551 3912 609 3978 illa
624 3911 730 3976 Melae
745 3909 922 3977 traditione
944 3911 1059 3996 procul
1082 3909 1252 3980 habemus.
1297 3933 1337 3978 ac
1351 3933 1392 3977 ne
1409 3918 1438 3994 1,
1452 3914 1473 3982 6
1489 3911 1621 3995 quidem
1636 3909 1731 3978 Livio

392 4021 500 4087 Melae
522 4023 686 4085 auctorem
709 4038 804 4083 nsum
827 4038 895 4083 esse
917 4017 1173 4084 demonstratur:
1197 4018 1333 4104 (fretum
1356 4015 1572 4103 Gaditanum)
1591 4018 1731 4102 pmmum

394 4137 554 4214 aequatam
582 4147 633 4190 uec
659 4125 790 4212 amplius
812 4126 910 4190 decem
932 4125 1054 4188 milibus
1073 4147 1222 4211 passuum
1243 4136 1361 4213 pateus.
1406 4146 1483 4191 nam
1506 4124 1617 4191 eadem
1644 4123 1731 4208 apud

393 4235 555 4320 Nepotem
585 4253 714 4320 quoque
745 4232 891 4298 extitisse
922 4231 1029 4298 elucet
1064 4253 1106 4298 ex
1133 4231 1219 4299 Pliu.
1251 4235 1317 4314 3,4
1355 4232 1387 4298 Τ.
1419 4230 1529 4295 Livius
1561 4254 1597 4295 ac
1625 4229 1732 4316 Nepos

396 4342 547 4409 Comelius
577 4340 744 4404 latitudiuis
776 4341 964 4404 inadulatam
994 4340 1095 4402 miuus
1116 4329 1195 4402 VH
1217 4362 1264 4426 μ,
1298 4339 1351 4402 ubi
1381 4361 1448 4404 uero
1477 4338 1653 4424 plurumum
1678 4325 1730 4406 Y.

394 4449 492 4514 immo
515 4448 543 4514 si
565 4468 583 4513 6
605 4446 731 4514 duobus
753 4445 804 4512 his
826 4447 968 4512 numeris
983 4444 1091 4512 Melae
1114 4443 1299 4531 eligendum
1321 4446 1395 4526 fnit,
1419 4444 1560 4512 debebat
1574 4448 1731 4510 minorem

394 4554 522 4622 afferre.
568 4554 625 4621 sed
647 4554 761 4639 procul
783 4553 881 4620 dubio
904 4551 1009 4619 solum
1033 4543 1079 4616 ἶ
1100 4573 1132 4636 p.
1157 4550 1245 4635 quod
1271 4551 1413 4635 spatium
1438 4550 1570 4616 veritati
1601 4549 1731 4632 egregie

394 4662 588 4748 respondere
626 4667 767 4729 testatur
804 4661 848 4728 A.
882 4659 1083 4743 Philippson,
1117 4659 1173 4721 das
1207 4657 1479 4742 Mittelmeerqebiet
1517 4659 1604 4727 1904
1630 4678 1663 4740 p.
1687 4657 1730 4724 38

398 4807 437 4821 -
471 4774 547 4835 sunt
578 4768 664 4835 enim
696 4772 739 4837 14
771 4767 972 4833 cbiliometra
1003 4803 1057 4845 —‚
1092 4765 1181 4850 apud
1212 4763 1318 4830 Malae
1355 4769 1520 4832 auctorem
1555 4762 1730 4829 terebatur.

506 5017 528 5088 ¹)
546 5014 699 5071 emendavi.
736 5032 799 5070 nam
818 5013 1010 5072 Waobsmutbi
1035 5030 1119 5084 qnam
1141 5012 1268 5070 dbiokius
1289 5013 1398 5083 recepit
1423 5011 1583 5068 coniectura
1606 5008 1732 5064 clausula

395 5104 571 5176 depravatur.
