4275 6025
1032 726 1075 790 45

383 935 604 1004 Caesariensis
618 935 843 1002 Mauretaniae
859 936 944 1002 ratio
959 934 1100 1003 habetur
1115 940 1145 1018 5,
1161 940 1214 1018 52,
1239 958 1303 1003 non
1318 939 1433 1024 utique
1447 944 1563 1005 eontra
1577 944 1723 1006 nostram

384 1045 425 1111 de
448 1043 564 1113 Sebosi
587 1049 694 1110 aetate
717 1043 935 1110 coniecturam
958 1042 1047 1110 iacit.
1083 1044 1196 1127 itaque
1211 1065 1285 1109 eum
1300 1043 1354 1110 hie
1370 1066 1498 1131 quoque
1518 1045 1724 1130 interponen-

383 1151 461 1218 dum
488 1153 676 1220 censuerim.
723 1147 849 1234 Λιβυκά
878 1150 981 1234 igitur
1011 1169 1072 1234 per
1100 1149 1189 1216 hunc
1218 1150 1324 1216 Plinio
1354 1152 1505 1218 videntur
1531 1152 1721 1222 innotuisse.

384 1262 492 1324 tamen
516 1258 595 1341 quin
618 1261 732 1343 postea
754 1257 802 1322 eis
826 1255 905 1341 ipsis
928 1255 1057 1321 abunde
1079 1276 1156 1321 usus
1180 1256 1309 1321 sitnon
1332 1255 1456 1326 dubito.

491 1365 655 1447 grauores
678 1367 826 1428 auctores
849 1361 1054 1430 absolvimus.
1101 1362 1143 1427 de
1161 1362 1294 1446 reliquis
1309 1362 1421 1429 breves
1437 1384 1508 1430 esse
1523 1364 1609 1431 licet.
1647 1385 1723 1430 nam

385 1466 1644 1550 AristocreonemDalionemBionemBasilemSimonidemoum6,
1658 1474 1723 1541 183

384 1597 457 1643 oum
490 1577 702 1643 Artemidoro
737 1574 900 1641 coniuncti
939 1575 1013 1653 sint,
1052 1573 1094 1640 ab
1132 1573 1261 1640 Isidoro
1302 1576 1478 1642 translatos
1516 1597 1586 1642 esse
1623 1597 1724 1662 supra

384 1684 576 1750 oonieoimus
597 1705 630 1768 p.
649 1685 703 1752 43.
750 1679 937 1746 Patrocle
960 1685 994 1745 et
1008 1678 1259 1763 Megasthene
1281 1701 1354 1747 cum
1380 1680 1617 1749 Eratosthenes
1644 1704 1723 1750 usus

384 1791 435 1871 sit,
461 1789 581 1856 eisdem
603 1791 680 1856 rivis
703 1811 802 1874 quam
824 1788 911 1854 hune
933 1785 1007 1852 illos
1026 1806 1172 1852 manasse
1187 1793 1436 1854 consentaneum
1456 1795 1507 1855 est
1526 1791 1569 1871 (6,
1585 1793 1637 1860 58.
1655 1793 1721 1873 81).

384 1919 422 1962 ac
444 1917 485 1962 ne
508 1917 547 1962 ea
569 1897 699 1981 quidem
723 1915 809 1980 quae
829 1895 864 1959 in
888 1893 1025 1978 septimo
1049 1890 1133 1958 libro
1157 1913 1197 1958 ex
1218 1892 1429 1977 Megasthene
1451 1895 1648 1974 referuntur,
1682 1917 1723 1962 ex

384 2004 454 2089 ipso
478 2023 548 2068 esse
570 2003 673 2087 petita
696 1999 889 2085 Munzer01)
913 1997 1022 2068 oredo.
1068 1997 1143 2063 dein
1158 1996 1383 2066 Clitarchus
1407 2004 1438 2084 3,
1453 2005 1495 2070 57
1511 2023 1575 2088 quo
1590 2008 1723 2069 anctore

385 2110 552 2176 adhibitus
585 2111 629 2176 sit
637 2108 662 2190 ²)
698 2130 760 2174 non
792 2109 907 2193 liquet,
940 2111 1049 2172 tamen
1081 2127 1145 2172 non
1178 2106 1285 2191 ipsum
1316 2105 1425 2173 Plinio
1459 2113 1588 2193 praesto
1621 2109 1722 2177 fuisse

387 2215 505 2296 elucet3
529 2218 560 2296 6,
574 2218 617 2285 36
642 2235 714 2280 oum
737 2214 955 2280 Eratosthene
979 2219 1012 2278 et
1034 2212 1245 2279 Artemidoro
1268 2233 1308 2279 ex
1329 2213 1458 2280 Isidoro
1480 2221 1628 2300 sumptus
1661 2223 1720 2282 est.

388 2319 526 2404 denique
550 2322 661 2400 6,198
683 2318 741 2385 ubi
763 2339 837 2384 cum
853 2317 986 2402 Ephoro
1001 2318 1139 2384 Eudoxo
1154 2317 1361 2384 Timosthene
1384 2319 1550 2404 laudatur,
1574 2343 1595 2387 a
1614 2322 1721 2389 Plinio

388 2447 452 2491 non
473 2427 543 2510 ipse
564 2427 688 2493 accitus
712 2431 772 2496 est.
818 2424 859 2491 ci.
882 2448 914 2510 p.
938 2427 992 2495 33.

476 2539 545 2599 turn
568 2532 768 2598 Eudoxum
791 2531 832 2597 ab
857 2552 894 2596 eo
916 2551 981 2597 non
1003 2531 1184 2614 inspectum
1212 2550 1282 2596 esse
1311 2531 1363 2597 vel
1394 2551 1433 2598 eo
1463 2535 1602 2616 apparet
1633 2531 1722 2614 quod

386 2637 465 2703 duos
487 2639 583 2704 huius
606 2640 745 2705 nominis
767 2639 942 2724 scriptores
964 2637 1093 2704 Plinius
1115 2659 1180 2705 non
1207 2639 1352 2705 secrevit.
1398 2659 1438 2705 ao
1468 2644 1499 2719 2,
1513 2642 1578 2708 1311
1608 2637 1724 2724 procul

385 2745 484 2812 dubio
507 2747 550 2812 ad
565 2744 720 2813 Ouidium
741 2747 893 2832 pertinet,
918 2750 950 2828 2,
965 2747 1039 2816 169.
1063 2749 1094 2827 5,
1108 2751 1139 2815 4.
1164 2750 1230 2828 5,8
1252 2747 1412 2813 recentior
1434 2746 1490 2812 ille
1512 2751 1653 2829 nugator
1674 2746 1723 2810 in·

386 2851 588 2936 tellegendus
612 2859 671 2920 est
719 2875 817 2938 quem
841 2856 952 2932 6,198
974 2875 1104 2938 quoque
1126 2853 1257 2921 subesse
1280 2855 1359 2919 mihi
1384 2855 1539 2939 persuasi.

491 2979 588 3044 porro
610 2958 950 3026 Demodamantem
974 2979 1008 3025 se
1034 2958 1174 3026 maxime
1205 2961 1239 3026 in
1262 2958 1420 3046 Scythicis
1449 2959 1634 3046 regionibns
1667 2958 1723 3027 de·

386 3064 564 3131 scribendis
587 3067 680 3151 sequi
702 3066 829 3132 Plinius
852 3065 1024 3150 profitetur
1047 3070 1078 3149 6,
1091 3069 1145 3136 49.
1191 3072 1300 3135 tamen
1327 3070 1381 3134 vix
1403 3068 1490 3134 credi
1518 3073 1626 3153 potest
1649 3088 1722 3133 aue

386 3177 490 3237 torem
521 3192 672 3255 graecum
694 3173 784 3239 tertii
806 3193 836 3238 a.
853 3170 930 3238 cnr.
954 3172 1075 3238 saeculi
1097 3173 1140 3239 ab
1163 3192 1201 3238 eo
1224 3173 1331 3257 ipsum
1362 3172 1543 3239 adhibitum
1574 3193 1654 3256 esse,
1685 3177 1724 3238 ut

386 3297 484 3341 unam
505 3278 670 3362 regionem
693 3276 900 3343 describeret.
946 3298 1051 3363 neque
1075 3279 1161 3345 enim
1181 3277 1222 3344 de
1237 3278 1372 3363 Scythia
1391 3278 1460 3344 sola
1475 3278 1531 3344 ille
1546 3278 1677 3363 scripsit
1684 3276 1721 3361 ⁸).

386 3388 494 3449 tamen
521 3404 585 3449 non
608 3389 658 3449 est
681 3381 768 3467 quod
789 3389 911 3449 temere
934 3404 1008 3449 oum
1032 3382 1285 3467 Oehmicheno⁴)
1308 3383 1426 3450 Iubam
1448 3386 1653 3470 potissimum
1684 3404 1722 3450 eo

385 3511 479 3555 usum
502 3511 572 3555 esse
598 3496 790 3560 statuamus.
1297 3559 1301 3564 ,

493 3580 672 3681 Ephorus
698 3618 774 3663 vero
802 3598 890 3663 inter
915 3604 1064 3664 auctores
1094 3598 1251 3665 librorum
1283 3601 1373 3668 4-7
1403 3598 1566 3667 laudatur.
1613 3600 1645 3677 7,
1659 3601 1722 3668 145

384 3702 472 3768 inter
503 3702 709 3772 Varroniana
741 3704 873 3773 citatur.
928 3708 1056 3770 restant
1089 3705 1189 3789 igitur
1222 3704 1298 3770 libri
1320 3706 1420 3774 4-6.
1462 3724 1502 3770 ao
1522 3708 1555 3786 4,
1568 3705 1622 3773 64.
1647 3706 1722 3773 120.

383 3814 416 3893 5,
432 3812 496 3879 136
519 3809 562 3875 ad
585 3808 733 3875 libellum
755 3809 796 3876 de
817 3810 932 3878 insulis
954 3818 1043 3877 recte
1059 3811 1331 3897 Kentenichiusl)
1349 3810 1487 3878 rettulit.
1533 3808 1590 3874 sed
1612 3809 1724 3893 6,198

381 3916 452 3984 alia
473 3916 527 3983 ria
548 3915 591 3982 ad
613 3914 759 3981 Plinium
780 3917 936 4000 persenit.
983 3916 1024 3983 cf.
1048 3938 1080 4002 p.
1104 3921 1157 3988 36.

493 4019 688 4087 Timaeum
730 4040 859 4106 quoque
901 4021 986 4087 inter
1027 4022 1116 4087 illius
1154 4020 1257 4087 libelli
1294 4027 1442 4088 auctores
1480 4019 1720 4087 Kentenichius

378 4150 442 4197 suo
473 4128 545 4194 iure
573 4129 768 4213 percensuit.
820 4148 896 4193 nam
927 4132 958 4211 3,
983 4133 1036 4200 85.
1060 4134 1092 4211 4,
1124 4132 1189 4198 120
1220 4128 1262 4194 ad
1294 4149 1367 4195 eum
1397 4127 1518 4194 librum
1547 4128 1721 4213 pertinent

378 4235 442 4303 sed
481 4240 512 4317 4,
539 4238 592 4306 94.
632 4237 706 4303 104.
748 4240 778 4314 5,
807 4239 849 4304 55
862 4256 909 4319 sq.
948 4234 1080 4301 aliunde
1116 4234 1290 4307 fluxerunt.
1351 4235 1498 4301 Plinium
1535 4255 1612 4302 vero
1649 4256 1724 4301 cum

375 4338 651 4409 mathematicum
682 4340 723 4406 ab
754 4341 908 4407 historico
938 4362 1109 4427 perperam
1133 4340 1354 4429 seiunxerit⁰),
1390 4364 1454 4409 non
1488 4342 1590 4428 ipsius
1622 4341 1724 4408 libros

374 4448 504 4517 vidisse
525 4448 729 4533 perspicitur.
754 4451 783 4531 5,
803 4451 899 4533 hhsq.
937 4447 1062 4515 Timaei
1083 4447 1233 4516 doctrina
1262 4471 1335 4516 cum
1366 4450 1412 4517 eis
1441 4450 1602 4531 cohaeret,
1638 4468 1724 4533 quae

494 4658 518 4730 ¹)
537 4658 556 4715 1.
574 4658 593 4716 l.
611 4675 639 4729 p.
658 4661 701 4716 25.

492 4746 518 4817 ¹)
536 4746 572 4801 de
590 4746 699 4817 Nepote
716 4745 831 4803 lliinzer
848 4748 954 4818 cogitet
971 4765 998 4818 p.
1018 4746 1080 4803 336.

493 4836 516 4906 ⁸)
535 4834 570 4891 cl.
589 4834 684 4906 Steph.
703 4852 724 4891 s.
743 4852 769 4893 v.
783 4830 920 4892 Ἂντισσα.

491 4924 516 4993 ⁴)
532 4922 607 4980 Psa
626 4923 707 4981 seua
727 4924 798 4982 1886
816 4942 843 4994 p.
862 4925 905 4981 27.

491 5012 679 5085 91158

490 5106 515 5173 ⁶)
534 5119 589 5171 qua
606 5102 642 5157 ds
659 5118 691 5158 re
708 5102 744 5159 oi.
757 5100 795 5157 Η.
808 5102 912 5170 Brunn,
930 5099 963 5157 dr
974 5099 1057 5159 Plini
1074 5104 1221 5160 sermm
1238 5102 1378 5160 induitur
1388 5102 1462 5173 disp.
1475 5102 1544 5175 trag.
1557 5103 1628 5159 1856
1647 5119 1675 5173 p.
1689 5103 1716 5159 9.
