4275 6025
1017 725 1059 789 13

370 964 440 1011 esse
448 944 484 1027 1).
508 962 584 1008 nam
607 941 671 1005 iam
687 935 895 1024 Schweder')
918 944 1090 1003 monuerat
1111 936 1296 1021 fragmenta
1317 935 1475 1002 librorum
1489 955 1601 1000 eorum
1616 932 1706 1000 nullo

372 1049 468 1116 modo
494 1049 537 1114 ad
560 1044 679 1112 Melam
701 1044 908 1128 Pliniumque
931 1044 1101 1128 quadrare,
1133 1043 1210 1109 item
1233 1039 1516 1126 nuncubatur).
1562 1046 1599 1106 at
1620 1040 1707 1106 idem

371 1153 645 1222 Reitzensteinius
668 1151 849 1217 certissima
870 1151 996 1216 ratione
1026 1148 1260 1216 demonstravit
1282 1147 1443 1218 Varronis
1472 1146 1707 1230 antiquitatum

373 1261 587 1327 humanarum
617 1258 658 1324 de
687 1257 766 1325 locis
788 1256 888 1323 libros
917 1257 951 1322 in
981 1262 1173 1337 argumento
1204 1255 1419 1341 geographico
1450 1261 1595 1320 versatos
1626 1273 1705 1320 esse.

372 1366 458 1433 libro
481 1367 565 1432 enim
587 1363 637 1432 XI
660 1365 701 1430 de
723 1363 833 1444 Italia,
857 1362 941 1429 libro
964 1361 1040 1431 XII
1065 1365 1106 1428 de
1128 1364 1255 1447 reliqua
1269 1361 1412 1446 Europa,
1436 1360 1522 1426 libro
1545 1359 1644 1427 XIII
1666 1358 1708 1426 ds

375 1473 491 1540 Afn'ca
513 1479 612 1558 atque
635 1472 718 1537 Asia
741 1470 909 1553 agebatur.
955 1469 1006 1536 his
1028 1471 1130 1553 igitur
1152 1469 1245 1536 libris
1265 1468 1411 1534 Plinium
1433 1489 1528 1533 usum
1551 1488 1619 1533 esse
1642 1467 1708 1532 iam

374 1600 434 1665 pro
457 1580 625 1664 explorato
648 1578 724 1644 licet
746 1577 874 1644 habere.

464 1707 502 1754 ac
528 1685 568 1750 de
591 1683 789 1752 Varroniani
820 1683 926 1768 operis
957 1681 1068 1748 indole
1099 1681 1271 1748 haetenus:
1301 1680 1501 1765 Agrippae
1531 1699 1612 1764 opus
1642 1699 1709 1746 non

373 1794 478 1860 minus
500 1790 683 1876 ambigitur.
731 1790 860 1874 saepius
882 1794 991 1855 autam
1013 1788 1068 1854 ille
1092 1809 1191 1872 qnam
1215 1791 1318 1857 Varro
1340 1810 1361 1855 a
1384 1788 1490 1855 Plinio
1516 1787 1708 1854 nominatim

372 1899 530 1982 adfertur,
555 1897 698 1963 sednon
721 1917 803 1981 opus
827 1902 878 1961 est
900 1895 941 1960 de
964 1894 1114 1961 omnibus
1136 1895 1215 1963 locis
1238 1897 1416 1982 disputare,
1443 1902 1599 1981 proptera
1620 1893 1708 1980 quod

372 2005 457 2072 hanc
479 2012 605 2090 partem
635 2003 703 2069 fere
733 2001 872 2069 absolvit
895 1999 1133 2068 Oehmichenus
1141 2003 1177 2090 ⁴).
1222 2004 1340 2070 summi
1370 2024 1445 2070 vero
1475 2003 1628 2068 momenti
1658 2006 1709 2068 est

374 2112 544 2196 Agrippae
567 2109 751 2191 fragmenta
773 2108 881 2172 omnia
903 2105 1073 2192 postmodo
1095 2108 1129 2172 in
1152 2114 1336 2175 contextum
1360 2129 1429 2174 esse
1451 2109 1584 2176 inserta.
1622 2106 1709 2173 unde

374 2217 418 2284 ab
453 2237 491 2283 eo
524 2215 668 2280 Plinium
700 2213 736 2278 in
765 2212 983 2298 componendo
1018 2233 1115 2298 opere
1148 2235 1213 2280 non
1246 2235 1315 2280 esse
1346 2215 1527 2299 profectum
1561 2220 1707 2299 apparet.

375 2323 475 2407 quala
498 2327 606 2387 autem
628 2320 799 2405 Agrippae
819 2340 900 2403 opus
922 2318 1048 2386 Plinius
1071 2320 1259 2386 adhibuerit
1281 2322 1500 2406 quaerendum
1528 2327 1586 2385 est
1632 2341 1709 2386 nam

377 2426 619 2508 Detlefsenus⁸)
642 2447 716 2494 cnm
738 2426 806 2492 iere
821 2425 902 2492 nihil
917 2427 947 2492 ei
962 2428 1127 2492 tribuatur
1141 2428 1204 2493 nisi
1220 2447 1399 2510 mensurae,
1422 2426 1465 2492 ad
1480 2425 1591 2493 orbem
1608 2432 1709 2491 terra·

374 2559 449 2602 rum
472 2535 564 2601 illum
586 2536 620 2600 in
643 2534 772 2619 porticu
787 2531 946 2618 Vipsania
967 2534 1089 2618 pictum
1113 2533 1221 2601 omnia
1236 2534 1372 2602 rettulit.
1418 2534 1470 2598 cui
1485 2530 1629 2617 opinioni
1643 2532 1709 2598 iam

376 2641 566 2709 Alexander
587 2639 685 2707 Riese
708 2638 892 2720 occurrit⁶),
917 2640 974 2723 qui
998 2661 1038 2704 ex
1060 2639 1146 2708 Plin.
1167 2642 1253 2722 1117
1276 2638 1406 2724 collegit
1428 2636 1709 2718 commentar-icat

375 2750 547 2834 Agrippae
561 2748 716 2830 extitisse,
739 2746 858 2832 quibus
873 2767 967 2812 usum
982 2746 1172 2828 Augustum
1187 2746 1334 2813 tabulam
1354 2746 1567 2831 proposuisse.
1606 2763 1710 2828 neque

373 2855 461 2920 mala
483 2851 691 2938 Schweder⁸)
719 2851 857 2917 contulit
878 2851 1048 2936 Agrippae
1081 2851 1121 2916 de
1152 2852 1246 2937 aquis
1276 2854 1522 2918 commentarios
1544 2850 1710 2934 (Frontin.

374 2983 452 3048 aqu.
470 2963 560 3045 101),
583 2958 754 3049 Hannonis
781 2957 1027 3025 commentarios
1050 2956 1151 3044 (Plin.
1175 2964 1243 3025 nat.
1267 2964 1298 3039 b,
1315 2961 1350 3040 8)
1375 2958 1449 3028 alia.
1496 2979 1535 3025 ao
1565 2957 1710 3043 profecto

282 3064 285 3073 ⁴
372 3089 473 3153 aegre
494 3067 556 3133 tibi
577 3066 776 3151 persuaseris
799 3085 840 3129 ea
866 3085 949 3147 quae
972 3067 1038 3145 3,8
1061 3086 1102 3130 ex
1124 3065 1275 3151 Agrippa
1306 3073 1469 3143 notantur,
1500 3067 1535 3132 in
1566 3066 1711 3149 margine

376 3174 508 3242 tabulae
529 3174 637 3259 pictae
650 3171 814 3257 adscripta
829 3170 942 3236 fuisse:
966 3193 1051 3234 oram
1072 3194 1140 3236 eom
1155 3171 1334 3258 (Baeticae)
1349 3176 1383 3236 in
1397 3174 1567 3236 universam
1585 3172 1710 3256 originis

374 3283 545 3347 Poenorum
566 3280 755 3343 anomoeis
777 3277 822 3343 M.
848 3279 1003 3363 Agrippa.
1049 3299 1248 3362 quamquam
1270 3301 1322 3344 me
1344 3300 1474 3345 sensum
1496 3280 1610 3345 horum
1638 3299 1711 3343 ver·

377 3387 492 3454 borum
515 3406 579 3453 non
601 3406 733 3471 prorsus
755 3386 886 3469 assequi
909 3385 1047 3469 ingenue
1069 3384 1223 3469 fateor⁹);
1247 3386 1350 3452 artius
1373 3387 1458 3452 enim
1480 3384 1710 3471 proculdubio

374 3494 504 3561 Plinius
525 3493 778 3577 marmoreique
804 3513 1016 3579 praepropera
1045 3492 1145 3559 verba
1171 3494 1341 3560 contraxit.
1387 3492 1445 3558 sed
1477 3494 1505 3559 si
1536 3492 1712 3577 prolixiora

378 3601 469 3667 fuere
491 3599 579 3685 apud
594 3600 788 3684 Agrippam,
812 3620 850 3665 eo
872 3599 979 3664 minus
1000 3599 1035 3665 in
1058 3600 1172 3665 tabula
1194 3621 1305 3666 eorum
1328 3600 1416 3665 locus
1438 3599 1510 3665 fuit.
1557 3618 1621 3683 quo
1639 3597 1711 3664 loco

379 3705 555 3773 Schannius
570 3703 752 3791 quoquam)
775 3708 862 3769 recte
877 3705 982 3769 utitur
997 3704 1041 3770 ad
1057 3704 1238 3771 Detlefseni
1253 3706 1447 3770 sententiam
1462 3703 1710 3787 infringendam.

374 3813 494 3883 deinde
516 3814 550 3877 in
573 3811 686 3877 tabula
708 3810 816 3876 notari
836 3811 978 3893 potuisse
998 3834 1018 3874 a
1031 3812 1154 3875 Pelusio
1168 3813 1317 3875 Arsinoen
1331 3810 1434 3876 Rubri
1451 3812 1545 3873 marie
1563 3810 1712 3895 oppidum

370 3942 431 4007 per
453 3921 566 3984 doato
589 3907 725 3982 U‘X'XV
737 3940 772 4001 p.
797 3920 843 4000 (5,
857 3919 914 4002 65)
938 3919 1086 4003 quamvis
1101 3940 1215 4002 parum
1230 3918 1404 3983 verisimile
1419 3917 1577 3998 rideatur,
1602 3923 1712 3980 tamen

378 4048 442 4094 non
465 4025 648 4113 praefracte
670 4024 864 4108 negaverim.
910 4025 968 4091 sed
990 4024 1156 4092 verbosius
1188 4026 1286 4091 etiam
1316 4030 1366 4089 est
1394 4023 1477 4089 illud
1508 4026 1538 4104 6,
1552 4024 1594 4092 39
1625 4044 1712 4085 mam

487 4221 508 4287 Ι)
527 4218 592 4274 bist.
611 4218 665 4274 litt.
685 4217 767 4275 Rom.
785 4217 801 4274 I
819 4234 846 4287 p.
860 4218 921 4274 371.

486 4309 511 4379 ⁸)
528 4308 557 4363 in
575 4324 667 4378 progr.
686 4306 807 4362 Kiliensi
826 4307 1042 4377 supralaudato
1062 4307 1133 4364 1879
1151 4324 1178 4378 p.
1193 4308 1235 4362 18.

488 4399 511 4464 ι)
529 4397 670 4453 Dcatsebo
687 4395 932 4454 Altertumrbaade
948 4395 996 4452 Ill
1015 4396 1085 4453 1892
1103 4415 1131 4467 p.
1144 4398 1178 4452 65
1184 4396 1248 4452 adn.

486 4488 509 4558 4)
528 4484 603 4541 mia.
623 4486 703 4542 sao.
724 4486 837 4556 resep.
859 4487 972 4543 10-21.

487 4577 509 4646 ὓ)
527 4575 546 4632 l.
565 4575 583 4629 l.
603 4575 671 4631 1901
690 4592 718 4644 p.
737 4576 784 4644 293
803 4574 878 4629 idem
895 4592 988 4645 progr.
1007 4573 1176 4629 Gldckstadt
1194 4573 1264 4630 1884
1282 4591 1309 4642 p.
1328 4575 1354 4631 4.

487 4664 510 4735 ο)
529 4665 632 4735 Geogr.
649 4664 696 4719 lat.
715 4664 781 4718 min.
801 4664 871 4721 1878
889 4682 916 4735 p.
935 4662 988 4720 IX.

488 4754 509 4823 ⁷)
528 4753 563 4807 ds
581 4752 693 4807 notione
711 4752 745 4809 cf.
765 4752 822 4811 cic.
841 4754 918 4809 Brut.
937 4753 999 4809 262.

489 4844 510 4913 ⁸)
529 4841 659 4913 Beitre‘ige
675 4842 723 4898 III
741 4844 810 4900 1883
828 4860 856 4912 p.
876 4844 919 4900 12.
956 4838 1121 4910 Philologus
1139 4841 1174 4896 54
1191 4841 1283 4911 (1895)
1302 4856 1330 4909 p.
1348 4839 1409 4896 529.

487 4931 511 5002 ⁹)
530 4929 565 4985 of.
585 4930 657 5000 Scyl.
678 4948 737 5000 per.
760 4934 774 4987 1
800 4928 855 4983 ἀπὸ
874 4931 932 4983 τῶν
953 4926 1120 5001 ‘Hpaaiaa'orv
1138 4927 1245 4996 στηλῶν
1266 4930 1325 4982 τῶν
1347 4928 1378 4980 dv
1399 4926 1432 4993 τῇ
1451 4922 1572 4998 Εὐρώπῃ
1596 4923 1713 4997 ἐμπόρια

376 5016 468 5072 eolla
486 5016 693 5091 Καρχηδονίων.

476 5108 511 5180 ¹⁰)
529 5108 595 5165 hist.
613 5109 668 5167 litt
686 5108 767 5165 Rom.
785 5106 818 5163 11
837 5110 852 5164 1
871 5124 898 5178 p.
917 5108 978 5165 290.
