4275 6025
1084 735 1129 800 66

436 946 626 1028 debeantur,
651 965 715 1011 non
739 949 789 1011 est
810 943 955 1012 dubium.
1000 942 1213 1029 quamobrem
1235 964 1275 1010 ea
1296 943 1339 1011 ab
1363 943 1518 1012 Isidoreis
1533 942 1778 1016 Oehmichenus

439 1076 503 1122 non
525 1053 666 1120 adauxit
673 1053 709 1140 1).
754 1051 921 1117 videamus
939 1050 1085 1136 reliquos
1098 1051 1200 1118 locos:
1224 1056 1256 1129 6,
1268 1054 1311 1120 59
1334 1050 1375 1116 de
1390 1049 1511 1135 Syenes
1530 1051 1638 1118 aNili
1658 1051 1779 1122 fissura

435 1163 545 1247 spatio
566 1151 645 1227 ’000
672 1159 725 1222 doc
745 1158 878 1244 matium
904 1157 999 1223 edidit
1019 1157 1229 1222 Artemidorus
1255 1167 1282 1220 ct
1308 1157 1343 1219 in
1369 1178 1402 1220 eo
1424 1153 1506 1221 0013
1531 1159 1649 1244 oppida
1670 1159 1777 1245 firme,

442 1268 516 1333 laba
534 1263 645 1332 0000.
677 1265 869 1328 Aristocrcon
884 1263 922 1326 ad
938 1262 1140 1347 Elephantida
1155 1263 1198 1324 ad
1213 1282 1297 1325 mare
1310 1253 1447 1328 00οῖ
1483 1263 1663 1350 Elephantis
1677 1267 1778 1330 insula

439 1377 520 1439 intra
543 1374 734 1437 consumam
756 1381 937 1434 catarracten
951 1357 1037 1433 III-1
1046 1391 1081 1454 p.
1119 1379 1147 1432 et
1160 1390 1257 1453 supra
1272 1367 1388 1452 Syenen
1402 1369 1439 1433 X
1445 1358 1500 1433 VI
1514 1370 1675 1447 habitatur,
1691 1377 1778 1438 naui·

440 1482 567 1567 potionis
589 1479 759 1565 Aepyptiae
779 1478 861 1562 finis,
885 1476 924 1540 ab
946 1477 1138 1540 Aleaandria
1159 1465 1372 1538 DLX—XXV
1391 1498 1421 1561 p.
1447 1478 1480 1539 in
1506 1487 1622 1541 tantum
1643 1500 1780 1546 maere

440 1611 537 1675 supra
559 1587 672 1673 scripti
719 1591 898 1670 carpuntur
919 1584 1020 1666 igitur
1042 1583 1092 1648 illi
1113 1584 1297 1667 scriptores,
1321 1602 1385 1648 non
1407 1604 1427 1648 a
1449 1581 1624 1649 Plinio-
1647 1608 1724 1653 nam
1749 1590 1780 1655 is

443 1696 527 1764 unde
550 1701 641 1762 certa
664 1693 746 1759 scire
774 1687 903 1776 potuit?
949 1690 1045 1756 immo
1073 1711 1172 1773 quam
1202 1690 1360 1774 plurimas
1387 1710 1578 1756 coacervare
1608 1712 1777 1761 mensuras

440 1803 525 1870 solet
546 1839 600 1881 -,
625 1800 681 1865 sed
704 1797 746 1864 ab
769 1798 834 1862 alio
857 1795 999 1881 quodam
1021 1803 1164 1875 auctore,
1188 1817 1285 1880 quem
1300 1794 1427 1861 Plinius
1450 1798 1632 1882 exscripsit.
1678 1820 1776 1883 quem

442 1932 516 1978 cum
538 1908 624 1975 Iuba
646 1906 858 1972 recentiorem
882 1903 981 1970 fuisse
1004 1910 1171 1989 appareat,
1196 1903 1237 1968 de
1261 1902 1388 1970 Isidoro
1410 1903 1464 1969 vix
1486 1904 1662 1974 dubitabis.

532 2013 645 2080 eadem
674 2012 727 2076 via
756 2007 985 2074 Artemidorea
1015 2009 1058 2074 ed
1087 2008 1231 2074 Plinium
1261 2006 1394 2073 fluxisse
1427 2012 1633 2094 cognoscitur
1666 2015 1776 2094 6129

444 2123 532 2186 liuius
555 2120 677 2204 (Cypri)
700 2117 857 2181 circuitum
876 2113 1074 2179 Timosthenes
1099 2105 1352 2179 OECCXXVTI'
1362 2114 1399 2178 D
1416 2139 1451 2201 p.
1474 2117 1509 2201 (i.
1533 2121 1622 2186 3420
1643 2117 1775 2205 stad.)¹)

441 2225 745 2316 processissemus
767 2209 994 2287 itanum?
1007 2223 1041 2306 6.
1066 2225 1155 2292 3000
1177 2221 1287 2308 sua),
1311 2221 1772 2309 emmeramensem

444 2335 599 2400 munturia
621 2330 723 2397 Clidas
745 2342 772 2395 et
794 2332 974 2414 Acamanta,
997 2331 1080 2416 quod
1101 2340 1145 2394 est
1164 2329 1203 2392 ab
1225 2350 1338 2411 occasu,
1363 2330 1573 2392 Artemidorus
1597 2321 1776 2395 CZXITD

445 2443 479 2530 (i.
494 2444 581 2512 1300
596 2437 704 2526 stad),
728 2436 926 2502 Timosthenes
943 2426 997 2501 00
1010 2439 1044 2518 (i.
1063 2439 1149 2507 1600
1165 2435 1274 2518 stad).
1320 2456 1401 2519 quas
1427 2457 1596 2503 mensuras
1618 2439 1779 2504 artissime

443 2552 614 2618 cohaerere
648 2549 753 2634 quivis
791 2545 951 2611 concedet.
1011 2543 1094 2609 illud
1127 2551 1205 2609 noto
1238 2542 1388 2627 ampliori
1425 2543 1578 2609 circuitus
1611 2565 1781 2612 mensurae

443 2657 691 2724 Timostheneae
710 2652 903 2737 respondere
919 2649 1111 2733 ampliorem
1126 2649 1269 2715 eiusdem
1283 2649 1528 2732 longitudinem.
1573 2651 1659 2716 unde
1682 2653 1782 2720 etiam

442 2765 549 2829 artius
571 2760 749 2828 conectitur
773 2755 975 2821 Artemidori
998 2777 1246 2822 mensurarum
1269 2755 1427 2822 Isidorea.

552 2867 593 2933 de
617 2869 647 2944 6,
661 2867 703 2934 36
726 2863 793 2926 iam
816 2861 950 2942 egimus,
975 2860 1014 2930 cf.
1038 2883 1069 2944 p.
1097 2867 1192 2944 llsq.

553 2977 583 3055 6,
597 2976 641 3043 70
663 2970 735 3036 loco
757 2988 872 3051 parum
895 2968 1062 3033 commodo
1083 2966 1248 3052 leguntur:
1276 2968 1484 3033 Artemidorus
1499 2969 1576 3033 inter
1592 2971 1667 3034 duos
1681 2993 1784 3037 amnes

445 3084 480 3165 (i.
504 3080 624 3147 Indum
647 3083 680 3143 et
703 3073 856 3158 Gangen)
880 3065 991 3158 lXX'I!
1012 3077 1148 3140 interesse
1171 3077 1274 3138 tradit.
1321 3074 1382 3139 hoo
1404 3074 1623 3159 fragmentum
1646 3077 1687 3144 ab
1710 3080 1783 3164 ipsa

446 3187 563 3254 Indiae
586 3184 801 3268 descriptione
824 3182 964 3247 alienum
988 3203 1056 3247 esse
1080 3183 1130 3248 vel
1148 3203 1185 3247 eo
1201 3183 1411 3266 cognoscitur,
1437 3184 1524 3266 quod
1539 3184 1624 3249 idem
1642 3188 1783 3271 spatium

447 3297 480 3371 6,
493 3295 536 3363 72
559 3292 593 3357 in
616 3312 654 3356 00
676 3290 773 3356 aliter
795 3295 1010 3373 computatur.
1057 3289 1133 3355 dein
1157 3292 1266 3369 6166
1291 3289 1332 3353 de
1347 3290 1458 3373 oppidi
1474 3290 1624 3357 Lacenae
1639 3294 1781 3361 nomine:

447 3412 474 3465 et
506 3400 607 3485 ipsum
637 3398 736 3460 unum
766 3398 859 3459 nostri
888 3396 941 3482 (cf.
967 3397 1065 3483 5,65)
1098 3396 1301 3460 Aelaniticum
1328 3398 1480 3482 scrupscre,
1511 3398 1566 3462 aiii
1587 3399 1782 3487 Eianiticum,

448 3508 657 3571 Artemidorus
679 3504 889 3587 Alaeniticum,
912 3504 992 3568 Iuba
1018 3504 1219 3570 Leaniticum.
1268 3504 1408 3569 varietus
1434 3504 1545 3588 igitur,
1573 3523 1647 3569 cum
1673 3515 1784 3568 neuros

449 3615 470 3683 i.
483 3613 646 3679 Romanos
664 3611 790 3676 Plinius
803 3611 849 3676 eis
864 3617 1015 3697 opponat,
1032 3614 1074 3678 ad
1090 3633 1242 3696 graecum
1259 3611 1421 3695 quendam
1436 3616 1599 3676 auctorem
1614 3608 1785 3677 referenda

450 3727 500 3787 000
520 3740 616 3804 quem
639 3724 713 3803 post
728 3717 846 3783 Iubam
869 3717 967 3784 luisse
989 3726 1241 3785 consentaneum
1264 3724 1322 3785 est.
1368 3719 1481 3802 itaque
1501 3718 1544 3783 ab
1558 3716 1687 3783 Isidoro
1702 3718 1785 3784 hauc

449 3828 541 3894 litem
564 3832 684 3892 motam
708 3847 777 3892 esse
799 3825 894 3891 facile
916 3825 996 3890 mihi
1018 3826 1205 3910 persuadeo.
1250 3826 1291 3891 de
1314 3827 1423 3907 6163
1447 3830 1481 3890 00
1504 3827 1568 3894 183
1590 3824 1656 3889 iam
1687 3845 1786 3910 supra

450 3936 651 4020 disputatum
675 3939 724 3999 est
746 3932 786 3999 ci.
810 3954 842 4017 p.
859 3934 912 4002 33.
1046 3953 1049 3957 ·

558 4039 674 4107 deinde
697 4041 727 4122 6,
741 4042 805 4109 207
829 4043 1001 4123 postquam
1024 4038 1064 4103 de
1087 4037 1256 4122 Agrippae
1279 4058 1300 4102 0
1322 4036 1407 4104 freto
1426 4035 1592 4104 Gaditano
1615 4036 1657 4102 ad
1680 4036 1786 4103 sinum

452 4146 589 4212 Issicum
619 4167 770 4211 mensura
800 4143 1033 4211 dubitationem
1054 4144 1182 4210 Plinius
1208 4145 1355 4230 protulit,
1387 4151 1567 4228 sequuntur
1598 4143 1692 4209 haec:
1719 4144 1785 4206 uni-

451 4272 550 4314 versus
572 4262 671 4315 autem
693 4253 830 4316 circuitus
852 4274 907 4339 per
930 4254 1011 4315 unus
1033 4254 1128 4315 dictos
1149 4252 1188 4315 ab
1210 4254 1310 4315 eodem
1326 4254 1445 4317 ceordic
1459 4252 1569 4338 antiqu
1584 4252 1627 4314 od
1640 4250 1786 4314 Maeotim

451 4356 551 4419 lacum
573 4346 680 4443 {CIV}
706 4350 834 4441 Vll‘lr).
881 4359 1092 4423 Artemidorus
1114 4360 1206 4422 admit
1228 4348 1410 4446 WCZ'VI,
1437 4361 1519 4423 idem
1549 4381 1616 4422 cum
1638 4357 1788 4422 Manius

451 4450 665 4550 tamiri!
688 4454 758 4528 Π
768 4488 803 4551 p.
820 4487 879 4529 esse
901 4467 1039 4535 tradidit.
1069 4466 1175 4550 prima
1189 4486 1348 4547 mensura,
1365 4488 1463 4552 quam
1479 4464 1652 4532 Schrader
1666 4469 1787 4530 temere

454 4590 528 4636 cum
562 4570 773 4637 antecedente
807 4574 1010 4639 coniunctam
1044 4572 1216 4658 Agrippae
1249 4572 1467 4659 vindicarit4),
1498 4570 1588 4639 haud
1617 4568 1715 4637 dubie
1744 4565 1788 4634 ad

563 4760 678 4833 010οι.
698 4761 775 4818 scca.
795 4764 865 4819 csso
883 4781 910 4833 p.
929 4766 954 4821 0.

560 4849 585 4922 ¹)
604 4850 639 4906 u.
659 4850 752 4906 000.
771 4852 833 4907 oss.

563 4940 585 5010 ⁸)
603 4954 732 4995 numeras
749 4940 870 4996 incertas
886 4944 938 4997 est.
971 4932 1080 4997 vum
1097 4942 1133 4998 lt:
1150 4934 1284 4998 elsim
1297 4940 1406 5010 reliqui.
1442 4941 1517 5010 qaod
1539 4940 1749 5012 suprascripsi,
1773 4954 1789 4994 e

455 5024 609 5083 Detlsiseni
627 5029 787 5084 coniectura
805 5029 878 5085 dedi.

562 5116 585 5180 ⁴)
604 5116 735 5191 Bcttrtpc
752 5134 804 5174 rur
822 5117 920 5176 Krttr't
937 5118 984 5175 der
1003 5118 1132 5191 merop.
1150 5120 1177 5176 c.
1196 5121 1268 5193 Aac
1298 5118 1332 5177 11
1351 5114 1423 5173 1878
1441 5134 1468 5167 n.
1488 5119 1531 5167 aa.
