4275 6025
1077 726 1140 790 190

440 939 550 1025 potius
576 938 646 1005 eius
672 937 959 1021 auctorqueritur
980 936 1070 1021 quod
1092 936 1202 1002 nullas
1223 937 1310 1002 inter
1332 955 1366 1001 55
1388 956 1561 1002 mensurae
1583 943 1776 1018 congruant.

438 1043 525 1110 unde
559 1064 600 1109 ne
631 1042 766 1108 nimium
800 1063 988 1109 consensum
1022 1040 1252 1126 efflagitaveris
1280 1043 1310 1123 6,
1328 1042 1382 1112 72.
1427 1041 1529 1126 igitur
1566 1048 1779 1127 computatur

439 1170 498 1218 ora
531 1149 573 1216 ab
605 1150 689 1216 ostio
718 1146 845 1234 Gangis
875 1150 918 1216 ad
947 1149 1211 1234 promunturium
1242 1144 1402 1232 (lulingon
1431 1153 1466 1214 et
1495 1148 1650 1233 oppidum
1681 1147 1777 1214 Dan-

584 1253 714 1338 daguda
774 1302 1391 1325 ............
1460 1257 1524 1324 625
1541 1276 1644 1339 555

584 1358 627 1426 ad
648 1359 792 1445 'Propino
814 1359 850 1446 (i.
874 1360 917 1426 ad
939 1358 1073 1446 flexum)
1106 1409 1391 1428 ......
1438 1363 1524 1430 1225
1541 1382 1584 1426 m.
1596 1384 1628 1446 p.

584 1505 686 1586 igitur
709 1505 756 1569 ad·
774 1503 895 1569 flexum
939 1557 947 1572 .
993 1488 1028 1568 .’
1050 1551 1390 1572 .......
1438 1506 1525 1573 1850
1540 1525 1583 1570 m.
1596 1526 1627 1588 p.

439 1611 472 1693 6,
484 1612 527 1680 56
550 1616 658 1677 autem
681 1610 766 1676 idem
789 1610 932 1695 spatium
953 1609 1137 1675 accuratius
1162 1610 1248 1679 1075
1271 1630 1313 1676 m.
1330 1631 1361 1694 p.
1386 1609 1422 1695 (i.
1441 1613 1554 1680 15000
1570 1608 1667 1695 5150.)
1691 1630 1775 1675 com·

437 1721 583 1802 putatur.
629 1714 687 1782 550
715 1718 743 1781 51
766 1715 855 1781 Plini
885 1716 925 1781 de
956 1714 1186 1781 incertitudine
1208 1736 1417 1782 numerorum
1439 1715 1701 1801 conquestionem
1723 1737 1775 1781 re·

437 1831 600 1908 putamus,
622 1843 688 1888 uon
709 1822 811 1888 nimia
833 1820 891 1887 illa
907 1819 1091 1888 differentia
1105 1821 1277 1888 videbitur.
1316 1823 1418 1888 maior
1434 1828 1483 1888 est
1498 1823 1533 1887 iu
1548 1822 1776 1908 sequentibus:

666 1927 853 2014 aTropina
875 1929 918 1995 50
940 1928 1138 1994 Perimulam
1184 1976 1192 1993 .
1239 1977 1247 1996 .
1294 1981 1303 1998 .
1374 1931 1438 1997 750
1453 1950 1495 1995 m.
1508 1951 1541 2013 p.

666 2036 709 2100 50
732 2035 886 2120 oppidum
908 2035 1059 2102 Patalam
1076 2084 1306 2104 .....
1376 2037 1441 2105 620
1457 2057 1499 2105 m.
1512 2057 1543 2119 p.

1355 2180 1441 2246 1370
1457 2199 1498 2244 m.
1512 2200 1543 2262 p.

550 2304 634 2367 quae
656 2304 808 2350 mensura
830 2285 915 2350 15515
938 2283 1043 2348 minor
1065 2289 1116 2350 est
1132 2283 1178 2368 (6,
1196 2284 1238 2354 56
1262 2275 1426 2374 {XXI-HR
1448 2274 1614 2368 XXX—V).
1659 2285 1777 2368 itaque

437 2411 550 2457 vereor
572 2411 612 2457 ne
634 2391 765 2476 gravius
789 2391 841 2457 hic
863 2396 1031 2476 peccatum
1052 2391 1104 2456 511.
1490 2374 1494 2378 ’
1772 2375 1776 2380 ’

551 2497 626 2562 0515
649 2504 722 2583 5551
736 2497 852 2564 150155
875 2482 1123 2582 descriptionem
1147 2501 1176 2578 6,
1190 2500 1234 2568 78
1258 2497 1298 2564 51.
1322 2501 1353 2578 6,
1366 2501 1408 2568 79
1433 2502 1588 2590 quattuor
1610 2497 1776 2582 satrapiae

438 2603 674 2688 quodammodo
705 2611 914 2689 seponuntur.
959 2604 1046 2670 unde
1073 2604 1215 2670 eiusdem
1239 2605 1383 2671 auctoris
1406 2605 1543 2688 vestigia
1564 2604 1598 2669 in
1620 2603 1672 2670 bis
1695 2624 1775 2688 quo-

439 2729 504 2794 555
534 2710 672 2776 inveniri
705 2710 877 2777 vemsimile
900 2716 959 2776 551.
1005 2731 1044 2776 55
1066 2710 1211 2795 55515515
1225 2714 1268 2791 16,
1282 2713 1424 2793 92-95,
1452 2710 1508 2776 ubi
1530 2731 1588 2776 555
1610 2711 1774 2795 satrapiae

438 2821 631 2897 tractantur,
663 2817 798 2884 eandem
826 2838 905 2903 prae
931 2837 966 2883 55
987 2815 1098 2882 ferunt
1120 2817 1270 2897 indolem,
1295 2817 1425 2903 qualem
1447 2816 1563 2882 Indiae
1585 2816 1772 2901 descriptio.

439 2923 496 2989 550
526 2921 719 3007 interposita
750 2926 800 2986 est
822 2942 896 2986 cum
917 2919 1117 3004 reliquarum
1139 2919 1327 2996 insularum,
1353 2939 1436 3003 quas
1458 2941 1478 2984 a
1500 2918 1608 2985 Plinio
1632 2919 1673 2984 ab
1697 2940 1772 2984 5555

440 3029 655 3114 descriptione
689 3026 813 3093 solutas
847 3047 916 3092 5555
953 3026 1006 3090 515
1044 3046 1172 3109 555555
1210 3024 1420 3111 5555551151),
1459 3031 1530 3091 tum
1564 3023 1774 3110 Taprobanes

440 3136 613 3204 enarratio.
650 3154 733 3218 quae
748 3132 900 3199 bilariam
915 3132 1019 3197 divisa
1032 3137 1091 3201 551.
1131 3152 1206 3197 nam
1221 3138 1384 3215 augentur
1398 3151 1447 3212 55,
1463 3152 1547 3215 5555
1562 3153 1603 3197 ex
1616 3133 1771 3216 periegesi
1826 3128 1829 3135 ’

439 3244 545 3326 551115
575 3245 651 3306 5551
677 3238 733 3323 (51.
758 3243 790 3320 6,
802 3240 845 3308 82
870 3238 1113 3315 5517555155
1137 3239 1354 3324 respiciuntur
1375 3237 1470 3304 Prasi
1493 3238 1532 3309 cl.
1557 3242 1587 3319 6,
1602 3241 1657 3325 68)
1681 3240 1773 3305 Auni

440 3345 587 3412 Plocami
619 3343 798 3428 legatorum
831 3344 1080 3437 negotiatorum
1099 3342 1319 3427 relationibus,
1350 3364 1431 3429 quas
1462 3344 1614 3411 aPliuio
1640 3346 1773 3430 ipsoex

438 3453 560 3536 scripto
590 3450 679 3522 fonte
709 3449 839 3519 5001155
862 3469 931 3515 5555
953 3470 1054 3534 55555
1077 3449 1260 3518 5551551151.
1284 3473 1315 3536 5.
1341 3455 1416 3522 147.
1455 3471 1547 3535 5555
1568 3474 1644 3532 vero
1666 3453 1772 3538 primo

438 3558 509 3624 loco
539 3562 678 3641 exstant,
710 3576 749 3623 ea
778 3555 898 3621 eisdem
928 3556 1113 3622 auctoribus
1145 3561 1278 3641 5555515
1306 3557 1493 3623 referuntur
1518 3558 1635 3643 quibus
1658 3559 1773 3625 Indiae

438 3665 540 3750 ipsius
562 3663 744 3748 0555515115.
789 3661 876 3728 5505
898 3683 963 3728 555
986 3670 1036 3729 551
1059 3664 1145 3747 5550
1168 3663 1223 3729 5111
1246 3664 1372 3729 5551551
1393 3664 1607 3730 vindicentur.

548 3776 620 3837 tum
643 3773 673 3851 6,
687 3771 819 3840 92-95
842 3775 997 3854 quattuor
1014 3769 1091 3835 illae
1106 3771 1268 3855 satrapiae
1283 3772 1458 3838 secuudum
1474 3771 1612 3836 eundem
1626 3776 1773 3855 pertrac-

436 3885 560 3946 tantur.
607 3877 854 3961 interrumpitur
884 3876 957 3943 dein
980 3898 1101 3959 cursus,
1126 3877 1183 3943 ubi
1206 3877 1249 3943 ad
1271 3875 1464 3944 0555555155
1486 3877 1559 3943 finis
1582 3860 1771 3962 perventum

437 3993 494 4067 est,
527 3991 564 4051 51
594 3983 720 4051 51555
742 3984 787 4068 (6,
801 3985 971 4069 96-100)
1002 3989 1035 4049 51
1062 4005 1102 4049 ex
1124 3984 1189 4049 alio
1212 3983 1300 4049 15515
1322 3984 1500 4049 5555511555
1524 3986 1568 4065 (6,
1582 3977 1771 4065 100-106)

437 4092 627 4177 suppleatur
657 4089 840 4175 descriptio.
890 4089 1017 4156 reditur
1042 4090 1086 4155 ad
1112 4091 1291 4174 periegesin
1323 4097 1421 4174 atque
1449 4090 1631 4159 Varronem
1661 4094 1771 4171 6,107

438 4201 495 4283 551
516 4198 609 4264 15555
631 4217 705 4261 cum
726 4199 758 4273 6,
770 4198 812 4265 95
828 4194 883 4264 fin.
907 4197 1027 4280 optime
1042 4196 1202 4262 cohaeret.
1240 4202 1413 4281 postquam
1428 4218 1503 4264 vero
1518 4198 1593 4263 inde
1608 4218 1711 4281 55555
1728 4198 1771 4263 50

437 4302 583 4370 Persidis
613 4301 710 4367 finem
741 4321 800 4366 555
827 4306 968 4367 15551515
991 4308 1051 4384 551,
1083 4324 1197 4369 rursus
1218 4303 1261 4369 ad
1284 4302 1385 4371 olium
1406 4304 1534 4371 Plinius
1556 4305 1676 4370 transit
1697 4325 1771 4371 555·

435 4415 550 4477 torem.
596 4406 654 4474 sed
676 4408 717 4474 05
740 4408 912 4492 51555515
940 4416 1015 4492 5551
1037 4410 1285 4496 disputabimus.
1330 4412 1420 4495 prius
1443 4412 1527 4476 enim
1551 4411 1643 4477 nobis
1667 4411 1770 4477 Iubae

437 4521 472 4581 et
487 4513 646 4584 Varronis
660 4514 863 4579 narrationes
880 4513 997 4598 quibus
1014 4516 1126 4581 eadem
1142 4538 1217 4601 pars
1232 4517 1318 4583 orbis
1334 4516 1514 4602 exponitur,
1536 4517 1769 4601 comparandae

437 4603 520 4688 5551.
566 4641 604 4687 55
635 4624 666 4702 6,
683 4623 825 4690 92-95.
851 4625 988 4706 10755.
1013 4625 1273 4705 51696-100
1304 4623 1511 4708 repetitiones
1537 4620 1627 4688 haud
1649 4644 1770 4709 paucas

439 4734 566 4795 exstare
595 4748 665 4802 non,
686 4727 804 4792 mirum
827 4733 885 4797 est.
932 4748 1037 4813 neque
1067 4728 1152 4794 enim
1174 4728 1301 4795 Plinius
1328 4730 1504 4814 quicquam
1526 4725 1604 4792 lecit
1626 4733 1664 4795 ut
1688 4729 1770 4795 duas

546 4919 569 4990 ¹)
587 4934 686 4987 nempe
709 4916 774 4986 quia
790 4917 890 4973 Patale
911 4924 1126 4976 commemorata
1143 4921 1179 4975 ud
1198 4938 1258 4976 eam
1277 4924 1384 4992 partem
1402 4900 1467 4975 crab
1485 4920 1607 4991 55551511,
1625 4902 1771 4990 quainter

437 5008 654 5078 descriptionem
672 5008 731 5062 eius
749 5012 911 5063 enumerata
929 5014 978 5065 est.
1016 5010 1177 5067 alaucibus
1196 5016 1288 5067 autem
1306 5012 1370 5067 Indi
1391 5014 1487 5067 auctor
1510 5014 1643 5082 evagatus
1665 5010 1770 5065 1555155

434 5098 546 5154 ridetur
563 5096 722 5152 absolvisse.
