4275 6025
1055 723 1120 787 140

323 942 326 947 ’
423 935 516 1002 brari
539 890 646 1021 potuit
667 956 726 1002 uec
749 936 932 1003 dubitarem
954 940 1068 1002 contra
1090 932 1193 1001 8611111
1215 933 1427 1017 codicemque
1440 934 1625 1000 testimonia
1638 952 1755 998 nomen

420 1043 593 1126 corrigere,
609 1043 672 1109 nisi
687 1041 888 1112 8116116134
903 1047 1068 1109 narraret:
1091 1036 1143 1105 ἐπ’
1161 1035 1243 1125 αὐτῇ
1256 1038 1291 1105 δὲ
1313 1045 1354 1125 τῇ
1376 1039 1484 1126 Πίνδῳ
1495 1037 1596 1126 ᾤκουν
1614 1034 1758 1123 Τάλαρες

421 1149 620 1235 111616116κό1
639 1148 750 1234 φίλον,
771 1154 835 1212 cuir
850 1148 924 1235 περὶ
939 1148 994 1215 τὸν
1013 1145 1159 1234 Τόμαρον
1171 1143 1391 1229 ἀπόσπασμα.
1432 1146 1507 1213 hinc
1521 1147 1649 1213 videtur
1662 1165 1758 1231 posse

421 1256 569 1323 concludi
592 1256 735 1323 eiusdem
758 1255 877 1321 montis
901 1255 1028 1321 diversa
1051 1276 1121 1321 esse
1146 1256 1276 1321 nomine
1297 1252 1453 1319 Talarum
1477 1260 1510 1320 et
1532 1253 1755 1336 1611611111),

421 1363 456 1429 id
479 1362 566 1449 quod
589 1362 734 1428 Plinium
757 1368 845 1427 certe
868 1362 962 1445 fugit.

528 1478 586 1544 sed
610 1478 682 1563 quis
696 1477 752 1543 ille
776 1475 860 1542 alter
875 1482 990 1543 auctor
1012 1478 1064 1559 sit,
1083 1477 1136 1542 vix
1159 1475 1333 1542 divinando
1356 1476 1428 1541 elici
1443 1480 1559 1559 potest,
1584 1474 1647 1539 nisi
1668 1472 1757 1558 quod

422 1583 562 1667 Nepotis
586 1582 765 1648 doctrinam
787 1580 937 1666 praeberi
965 1588 1101 1667 propter
1123 1580 1368 1666 Theopompum
1392 1580 1563 1648 laudatum
1585 1581 1757 1647 conieceris

423 1691 474 1773 (cl.
498 1688 651 1775 6111).
696 1688 754 1753 sed
768 1687 984 1753 incertissima
999 1688 1079 1753 haec
1101 1692 1151 1752 661
1166 1687 1285 1771 opinio.
1331 1708 1433 1752 unum
1455 1692 1563 1753 tamen
1582 1707 1647 1752 non
1661 1706 1760 1771 prae-

422 1797 631 1864 termiserim:
648 1796 866 1880 Aoripoaerzeee
880 1793 1033 1860 dicuntur
1045 1794 1178 1873 incolae,
1196 1816 1259 1860 non
1275 1794 1439 1878 oppidum.
1471 1794 1556 1860 unde
1569 1791 1756 1876 Guntzius³)

422 1924 545 1988 pronus
568 1907 618 1968 661
632 1901 776 1985 Augusti
799 1900 965 1967 laterculis
981 1922 1035 1967 eos
1057 1900 1249 1967 adscribere.
1296 1922 1380 1984 quae
1402 1921 1454 1965 res
1477 1921 1554 1966 sane
1569 1899 1670 1965 hebet
1692 1920 1759 1984 quo

423 2009 674 2076 commendetur.
719 2028 780 2072 neo
803 2008 889 2072 enim
912 2008 1009 2073 aliter
1030 2007 1242 2092 intellegitur,
1270 2028 1329 2072 cur
1351 2008 1516 2073 ethnicum
1539 2008 1682 2092 positum
1704 2008 1757 2074 sit.

423 2115 482 2181 sed
514 2114 568 2180 hic
601 2112 727 2179 Plinius
762 2112 949 2195 Augustum
984 2134 1048 2179 non
1082 2115 1188 2199 ipsum
1223 2113 1395 2181 consuluit.
1441 2115 1524 2179 situs
1559 2114 1644 2180 enim
1671 2115 1759 2179 ratio

423 2222 573 2301 habetur,
610 2240 683 2286 cum
718 2219 891 2303 descriptio
925 2241 946 2286 a
980 2220 1253 2305 septentrionibus
1286 2220 1521 2305 proficiscatur.
1568 2222 1678 2303 itaque
1706 2242 1761 2285 res

424 2328 537 2396 eadem
566 2327 665 2413 plane
699 2330 749 2390 661
782 2331 881 2409 atque
915 2327 949 2391 in
984 2328 1116 2411 regione
1150 2326 1270 2393 Italiae
1294 2325 1353 2392 IX
1375 2325 1413 2391 X
1436 2327 1502 2393 XI.
1547 2326 1632 2392 unde
1654 2327 1759 2392 eidem

424 2434 550 2502 auctori
573 2434 625 2499 cui
646 2432 715 2513 ille,
738 2434 807 2510 4‚2
832 2452 960 2517 quoque
982 2440 1118 2517 accepta
1146 2432 1261 2499 1616111
1284 2439 1374 2518 puto.
1421 2454 1479 2499 cur
1501 2454 1576 2499 1616
1599 2432 1760 2518 duplicem

425 2541 646 2608 narrationem
668 2537 795 2604 Plinius
818 2541 1023 2625 proposuerit
1054 2541 1173 2606 nescio.
1220 2546 1308 2605 certe
1335 2540 1427 2624 prior
1456 2544 1549 2605 extre
1579 2541 1762 2625 periegesin

425 2648 583 2720 collocata
606 2652 666 2724 est,
690 2666 774 2729 quae
797 2644 903 2712 denuo
926 2646 968 2713 ab
991 2647 1243 2714 Acrocerauniis
1266 2646 1434 2713 exordium
1451 2634 1557 2712 ‘ducit

533 2763 647 2845 itaque
669 2782 726 2827 eae
749 2760 974 2844 descriptionis
997 2766 1107 2844 partes
1134 2781 1218 2844 quae
1239 2762 1450 2826 recentiorem
1480 2782 1559 2844 prae
1587 2782 1622 2827 se
1651 2759 1766 2826 ierunt.

426 2870 591 2953 originem,
624 2868 667 2934 ab
695 2868 854 2953 periegesi
884 2866 1101 2933 excludendas
1124 2888 1194 2933 esse
1220 2867 1436 2951 cognovimus.
1483 2888 1548 2952 quo
1571 2868 1605 2933 in
1626 2890 1765 2934 numero

428 3000 501 3045 cum
525 2999 564 3044 ea
586 2997 715 3062 quoque
739 2976 812 3052 sint,
844 2994 928 3060 quae
956 2972 1080 3060 Nepoti
1102 2973 1261 3060 Iririoque
1293 2974 1405 3042 deberi
1438 2973 1597 3056 ridentur,
1628 2974 1663 3041 hi
1692 2977 1761 3060 pri·

427 3086 522 3151 marii
537 3084 626 3150 Plini
649 3090 798 3150 auctores
814 3104 884 3149 esse
906 3103 970 3148 non
991 3088 1135 3167 possunt.
1182 3104 1249 3167 qua
1270 3104 1307 3149 re
1330 3083 1539 3151 confirmatur
1555 3083 1640 3170 qued
1663 3105 1767 3168 supra

427 3192 611 3271 statuimus,
631 3190 844 3275 principalem
859 3190 893 3254 in
910 3189 1042 3274 Europa
1056 3189 1260 3255 meridionali
1276 3197 1439 3257 auctorem
1454 3192 1554 3258 fuisse
1568 3192 1763 3273 Varronem,

428 3318 567 3384 quocum
596 3297 762 3381 Agrippea
791 3303 824 3361 et
846 3297 1018 3380 Augustea
1040 3296 1168 3362 Plinius
1201 3297 1280 3382 ipse,
1315 3299 1476 3364 artissime
1509 3320 1761 3382 nonnumquam,

429 3405 605 3471 coniunxit.
650 3410 759 3468 tamen
781 3404 889 3469 emnia
904 3405 961 3469 uni
984 3425 1024 3468 ex
1047 3403 1099 3469 his
1115 3404 1221 3470 tribus
1244 3404 1431 3471 auctoribus
1447 3403 1558 3471 deberi
1579 3426 1644 3471 non
1659 3405 1763 3471 ausim

429 3511 633 3579 contendere.
679 3515 808 3575 exstant
823 3510 908 3575 enim
924 3510 1083 3594 quaedam
1099 3511 1177 3576 licet
1191 3510 1274 3576 16116
1290 3531 1375 3594 quae
1389 3510 1478 3595 apud
1493 3511 1653 3577 neminem
1669 3530 1709 3574 ex
1723 3510 1767 3574 iis

429 3618 565 3683 inveniri
588 3620 781 3701 potuerunt:
805 3617 836 3697 3,
853 3617 896 3684 82
924 3615 1025 3680 Tiberi
1041 3617 1192 3702 principie
1214 3638 1281 3680 6166
1302 3615 1414 3680 achilee
1440 3615 1572 3702 Capreae
1594 3622 1627 3682 61
1649 3619 1762 3698 3,119

429 3726 568 3810 Aupaeta
584 3722 670 3808 foeea
685 3720 863 3786 Ravennam
887 3722 1058 3809 1161111611),
1082 3724 1135 3787 abi
1149 3723 1275 3788 Padaea
1294 3734 1425 3802 6666161,
1449 3725 1603 3808 quaedam
1621 3723 1764 3788 Meeeani-

429 3855 480 3897 aae
503 3831 682 3918 appellatae,
708 3835 741 3894 et
762 3829 883 3895 ibidem
905 3829 1117 3914 paulopost:
1143 3842 1251 3917 portae
1268 3881 1302 3899 ..
1327 3832 1381 3916 qui
1409 3830 1534 3893 Vatreni
1554 3831 1674 3904 dieitur,
1702 3852 1765 3914 qua

430 3937 576 4004 Claudiae
601 3935 711 4002 Caeear
731 3935 928 4000 eBritaaaia
952 3935 1140 4022 triumphare
1158 3937 1350 4022 praepraadi
1371 3936 1426 3998 illa
1448 3937 1534 3999 dene
1555 3937 1651 3999 661166
1673 3957 1764 4020 queam

429 4067 506 4108 1666
527 4045 650 4107 intrauit
671 4041 837 4106 Hadriam.
883 4063 982 4126 porro
1011 4042 1224 4107 recentiorem
1254 4041 1434 4107 doctrinam
1465 4040 1610 4126 prodidit
1636 4040 1767 4106 Plinius

429 4154 521 4232 1,10
542 4149 705 4237 perfodere
732 4149 897 4234 1661961111
920 4150 1002 4213 alueo
1025 4149 1181 4233 6691661166
1210 4170 1261 4213 666
1289 4147 1481 4233 (Isthmum)
1505 4158 1681 4233 temptavere
1702 4146 1765 4210 De-

429 4258 551 4320 metn'ua
573 4278 637 4336 rea,
661 4255 786 4318 dictator
812 4252 936 4330 Caesar,
965 4253 1062 4319 Gaiae
1082 4256 1229 4341 princepe,
1252 4252 1407 4318 Domitiae
1432 4253 1530 4320 Nero:
1554 4254 1595 4320 de
1617 4252 1765 4319 Demetri

430 4361 563 4428 consilio
587 4359 707 4428 Strabo
731 4364 774 4431 54
798 4382 838 4428 ex
860 4360 1081 4428 Eratosthene
1107 4362 1202 4427 testis
1230 4365 1290 4444 661,
1318 4358 1492 4426 Gaesarem
1516 4359 1619 4426 Varro
1646 4358 1768 4425 addere

431 4467 548 4552 potuit,
566 4465 623 4532 sed
639 4465 680 4531 de
695 4467 831 4550 reliquis
845 4466 1105 4552 imperatoribus,
1121 4465 1184 4532 nisi
1198 4463 1341 4532 Plinium
1355 4465 1463 4549 ipsum
1477 4463 1559 4530 haec
1572 4464 1768 4549 comperisse

434 4627 646 4641 ff

543 4724 565 4795 ¹)
583 4722 629 4777 161
647 4721 671 4777 61
689 4721 776 4776 mavis
788 4740 872 4777 unum
891 4724 974 4778 latius
992 4727 1099 4794 patere,
1117 4721 1206 4777 altero
1224 4739 1308 4776 unum
1327 4725 1437 4776 tantum
1454 4735 1588 4776 cacumen
1606 4718 1767 4789 significari.

543 4820 563 4890 ¹)
584 4819 620 4874 ad
638 4818 793 4875 Varronem
811 4817 985 4890 Theopompi
1002 4820 1193 4878 testimouium
1210 4818 1310 4874 1616111
1328 4819 1389 4874 vult
1406 4818 1522 4873 ldiinaer
1541 4817 1559 4874 l.
1578 4817 1597 4874 l.
1615 4835 1643 4887 p.
1663 4818 1723 4880 160,
1743 4817 1769 4870 61

430 4912 508 4965 16616
525 4908 584 4964 eius
602 4907 688 4963 verba
705 4906 848 4977 intellego.

540 5006 561 5076 ⁸)
581 5006 652 5063 1890
669 5021 697 5073 p.
717 5003 850 5060 512611.
870 5006 895 5060 5.

538 5106 563 5175 ⁴)
579 5103 598 5159 'a
616 5101 717 5159 Pedes.
