4275 6025
1052 737 1055 742 ¹
1071 714 1136 778 210

436 936 499 996 τῶν
520 924 759 1017 Ἀρηκομίοκων
782 923 851 991 ἐστὶ
874 923 1045 1008 Νὲμαυοος
1060 977 1068 991 .
1084 973 1093 988 .
1109 973 1118 989 .
1135 917 1298 1012 ὑπηκόους
1311 923 1373 1011 γὰρ
1393 921 1461 1006 ἔχει
1482 921 1594 1006 κώμας
1615 927 1770 1011 τέτταρας

436 1038 493 1103 καὶ
515 1035 615 1102 ε’ίκοοι
636 1040 700 1100 τῶν
730 1031 905 1116 ὁμοεθνῶν,
938 1031 1056 1114 ἔχουσα
1083 1031 1139 1097 καὶ
1159 1032 1198 1097 τὸ
1220 1029 1413 1114 καλούμενον
1436 1029 1566 1096 Λάτιον.
1611 1051 1770 1115 quocum

435 1146 506 1212 loco
536 1143 712 1212 Schweder
741 1142 918 1208 rectissime
944 1146 1117 1227 comparat
1146 1139 1233 1209 Plin.
1265 1143 1296 1222 3,
1314 1141 1357 1209 37
1387 1139 1503 1226 oppido
1534 1159 1602 1202 oero
1629 1137 1771 1223 {pactilio

436 1249 596 1316 XVIIII
612 1250 687 1312 αἀα
708 1245 865 1312 XXIIII
881 1246 1133 1312 Nemauseaaitae
1155 1246 1308 1313 cambuta.
1345 1245 1432 1312 unde
1445 1244 1626 1312 cocomario
1641 1243 1770 1310 conclu-

436 1357 526 1424 ditur
549 1357 606 1422 illa
629 1353 785 1421 XXIIII
815 1374 879 1420 non
911 1375 952 1420 ex
981 1353 1128 1438 Augusti
1156 1351 1279 1419 tabulis
1310 1372 1380 1418 esse
1412 1361 1543 1438 sumpta
1564 1349 1616 1416 vel
1637 1355 1771 1436 propter

437 1483 615 1530 numerum.
663 1461 880 1544 nequeenim
910 1459 997 1525 inter
1018 1459 1077 1525 illa
1097 1457 1261 1539 XVIIII,
1293 1479 1376 1542 quae
1407 1459 1538 1525 nomina
1566 1478 1606 1523 ex
1627 1456 1771 1542 Augusti

440 1568 562 1636 tabulis
600 1567 726 1634 Plinius
764 1567 880 1646 omisit,
919 1564 1078 1631 XXIIII
1123 1564 1244 1648 oppida
1287 1562 1565 1631 Nemausensibus
1610 1561 1772 1630 attributa

439 1675 765 1764 comprehenduntur.
796 1674 920 1740 accedit
938 1673 1027 1759 quod
1050 1694 1161 1740 eorum
1184 1673 1218 1738 in
1240 1671 1360 1739 tabulis
1382 1672 1536 1739 censoriis
1559 1670 1690 1736 omnino
1708 1690 1771 1735 non

440 1791 511 1851 erat
532 1783 639 1850 locus:
663 1779 771 1864 κώμας
794 1782 876 1847 enim
900 1787 987 1846 recte
1010 1801 1050 1846 ea
1073 1777 1194 1848 Strabo
1217 1785 1393 1865 nuncupat

548 1906 618 1966 tum
642 1898 682 1963 de
705 1897 805 1963 Italia
834 1898 947 1982 paucis
980 1895 1154 1963 Schweder
1181 1898 1256 1978 egit,
1287 1896 1441 1962 nimirum
1472 1896 1541 1980 ipse
1571 1895 1773 1980 argumentis

440 2008 576 2092 singulis
608 2027 724 2091 parum
752 2005 954 2070 auctoritatis
982 2003 1136 2070 tribuens.
1181 2003 1239 2069 sed
1261 2004 1296 2069 in
1318 2003 1472 2070 Etruriae
1494 2001 1622 2089 oppidis
1645 2021 1773 2068 enume-

438 2113 548 2181 randis
580 2112 755 2178 latereulcs
784 2110 930 2195 Augusti
960 2121 1129 2196 expressos
1160 2131 1230 2177 esse
1253 2110 1451 2178 confidenter
1473 2109 1662 2193 affirmata.
1708 2111 1773 2177 ium

439 2239 514 2284 vero
537 2217 619 2284 mihi
642 2237 792 2301 compara
808 2236 928 2299 quaeso
943 2213 1163 2284 Straboniana
1178 2218 1243 2286 226
1258 2212 1291 2280 ἐν
1314 2225 1355 2302 τῇ
1375 2220 1532 2304 μεσογαίᾳ
1554 2214 1668 2295 πόλεις
1690 2216 1773 2304 πρὸς

441 2337 513 2403 ταῖς
536 2321 715 2412 εἰρημέναις
729 2317 890 2410 Ἀῤῥὴτιὸν
911 2347 946 2388 τε
968 2323 1023 2388 καὶ
1037 2326 1197 2411 Περοοοία
1220 2323 1276 2388 καὶ
1293 2318 1473 2389 Οὕολσίνιοι
1487 2323 1542 2388 καὶ
1558 2321 1709 2412 Σούτριον
1727 2363 1773 2374 -

439 2432 597 2499 hactenus
627 2431 708 2497 situs
736 2431 908 2515 respicitur
939 2469 983 2479 -
1010 2430 1093 2516 πρὸς
1120 2428 1154 2495 δὲ
1180 2427 1313 2508 ταύταις
1344 2431 1496 2512 cougnon
1521 2428 1632 2518 Βλήρα
1661 2433 1773 2497 τεκαὶ

442 2550 622 2626 Φερεντῖνον
655 2537 711 2602 καὶ
745 2536 897 2622 Φαλέριοι
924 2539 982 2602 καὶ
1015 2522 1171 2604 Φαλίονον
1197 2539 1252 2602 καὶ
1276 2534 1413 2626 Νὲτττμα
1440 2538 1496 2602 καὶ
1524 2543 1692 2604 Στατωνία
1718 2541 1773 2606 καὶ

440 2645 539 2711 ἄλλοι
561 2645 703 2720 πλείους.
735 2665 800 2728 qua
822 2645 856 2709 in
879 2646 1122 2711 enumeratione
1144 2646 1290 2712 ordinem
1313 2645 1495 2711 litterarum
1517 2644 1694 2712 latinarum
1716 2648 1771 2715 ob·

440 2758 603 2820 servatum
635 2773 704 2817 esse
736 2751 769 2816 in
799 2752 971 2836 propatulo
995 2757 1054 2820 est.
1100 2757 1136 2818 at
1165 2753 1207 2819 ab
1237 2752 1377 2836 Augusti
1408 2750 1529 2818 tabulis
1560 2751 1643 2820 haec
1674 2755 1773 2820 series

440 2861 554 2927 aliena
600 2860 731 2926 minime
754 2859 839 2924 enim
865 2859 977 2925 eadem
992 2858 1081 2944 apud
1096 2858 1238 2926 Plinium
1254 2864 1284 2942 3,
1296 2861 1338 2929 62
1353 2858 1517 2942 leguntur.
1544 2859 1670 2928 aoeedit
1683 2858 1770 2946 quod

441 2967 617 3035 secundnm
625 2964 769 3031 Plinium
782 2967 813 3042 3,
823 2967 864 3034 51
875 2963 1140 3032 coloniaFalisoa
1152 2971 1210 3043 est,
1224 2986 1307 3051 quae
1318 2966 1403 3051 apud
1413 2964 1607 3034 Strabonem
1622 2968 1769 3057 πολίχνη.

443 3073 605 3159 quomodo
628 3095 703 3139 vero
726 3072 784 3137 illa
805 3071 963 3139 Etruriae
986 3074 1106 3159 oppida
1128 3080 1366 3154 enumerentur,
1396 3073 1491 3140 velim
1525 3076 1771 3147 animadvertas.

443 3181 585 3267 potiores
608 3179 692 3243 enim
715 3178 860 3243 civitates
884 3179 1066 3245 distinctius
1096 3186 1280 3247 mutantur
1309 3182 1359 3247 ita
1387 3185 1425 3246 ut
1455 3180 1538 3247 situs
1568 3182 1774 3268 aliquatenus

440 3287 525 3352 ratio
558 3284 728 3361 habeatur,
760 3283 918 3368 ignobiles
947 3291 1128 3370 sequuntur
1150 3286 1192 3353 ad
1214 3288 1396 3354 litterarum
1420 3286 1566 3355 ordinem
1587 3289 1774 3376 dispositae.

440 3398 476 3460 at
498 3393 606 3459 hercle
628 3390 694 3458 alia
717 3395 767 3456 est
790 3390 958 3476 dispositio
980 3394 1231 3478 Augusteorum.

548 3530 624 3573 nam
658 3507 699 3573 de
730 3507 795 3573 alia
825 3509 908 3573 serie
939 3509 1131 3595 oppidorum
1165 3511 1208 3578 ad
1241 3511 1367 3578 litteras
1401 3511 1639 3596 dispositorum,
1676 3532 1774 3597 quam

443 3612 647 3697 Schwederi)
671 3614 704 3678 in
728 3612 889 3680 Strabone
905 3617 1145 3685 necinventus
1176 3617 1239 3684 sibi
1270 3617 1357 3682 risus
1388 3622 1438 3682 est
1458 3616 1596 3682 Βοιανὸν
1622 3613 1774 3704 Αἰοερνία

442 3720 551 3787 Πάννα
575 3721 708 3787 Τελεοία
732 3715 861 3808 συνεχής
886 3715 1056 3809 Οὐενάφρῳ
1078 3724 1132 3789 vix
1155 3729 1205 3789 est
1227 3723 1315 3807 quod
1337 3744 1440 3808 agam.
1488 3723 1583 3807 quasi
1605 3723 1775 3808 Augustus

441 3831 475 3896 in
498 3850 594 3915 opere
616 3828 745 3912 publico
777 3830 851 3894 usui
883 3829 1043 3897 destinato
1070 3830 1242 3898 Eserniam
1264 3829 1405 3897 seribere
1437 3831 1597 3916 potuisset
1606 3829 1644 3917 ²).
1690 3830 1774 3897 adde

444 3938 531 4022 quod
553 3937 682 4003 omnino
714 3937 860 4003 vicinitas
888 3936 1032 4004 locorum
1055 3938 1228 4024 respicitur
1250 3937 1401 4023 (Τελεσία
1423 3937 1554 4026 συνεχὴς
1579 3932 1772 4025 Οὐενάφρῳ),

445 4064 530 4127 quae
552 4043 608 4109 ubi
631 4042 673 4108 ad
696 4040 856 4108 elementa
879 4042 1095 4128 disponuntur
1116 4044 1256 4122 nomina,
1279 4045 1471 4129 neglegitur.

552 4159 607 4225 sed
631 4158 671 4224 de
693 4156 805 4225 Sicilia
833 4160 900 4225 iam
932 4182 1032 4244 snpra
1053 4183 1085 4245 p.
1113 4164 1157 4229 54
1184 4160 1320 4244 egimus3
1350 4157 1399 4227 ibi
1423 4160 1583 4245 Agrippea
1613 4181 1634 4226 a
1665 4160 1773 4227 Plinio

443 4287 516 4331 cum
540 4265 757 4351 descriptione
780 4265 921 4351 quadam
944 4288 983 4332 ex
1007 4287 1073 4351 qua
1095 4266 1185 4333 Mela
1208 4287 1338 4352 quoque
1359 4267 1488 4352 pendet,
1512 4267 1685 4333 coniuncta
1704 4287 1773 4333 ease

443 4371 682 4437 demonstrasse
704 4373 798 4440 nobis
821 4373 976 4441 ridemur.
1022 4374 1109 4440 idem
1137 4373 1177 4440 de
1201 4372 1362 4441 Strabone
1384 4376 1480 4441 valet.
1526 4396 1601 4441 nam
1623 4374 1694 4461 ipse
1709 4374 1772 4446 266

443 4477 537 4543 addit
568 4476 820 4563 chorographiae
849 4501 1017 4547 mensuras
1045 4480 1175 4546 minime
1205 4500 1278 4545 oum
1307 4480 1433 4547 insulae
1463 4480 1669 4547 enarratione
1698 4501 1776 4548 con·

442 4586 578 4651 iunctas.
625 4607 724 4652 unum
747 4586 882 4654 adnoto:
919 4589 1003 4654 inter
1035 4588 1124 4673 ipsas
1159 4608 1324 4654 mensuras
1354 4608 1372 4654 e
1402 4585 1625 4673 chorograpbo
1656 4588 1775 4670 petitas

444 4712 527 4776 quae
542 4692 695 4777 leguntur
710 4697 777 4765 266
792 4692 840 4772 εἰς
862 4689 889 4758 d
906 4692 1029 4781 Ἱμέραν
1051 4693 1200 4776 ποταμὸν
1222 4690 1390 4770 δεκαοκτώ,
1415 4692 1478 4759 ded
1500 4691 1618 4781 μέσης
1640 4689 1777 4782 ῥέοντα

551 4943 575 5012 ¹)
593 4941 681 4999 Beitr.
699 4940 731 4997 II
750 4959 778 5012 p.
794 4942 881 5012 80sq.
917 4940 965 4997 111
981 4958 1009 5011 p.
1024 4939 1112 5011 20sq.

552 5029 575 5102 ¹)
594 5028 683 5086 Bcitr.
705 5028 752 5085 III
769 5047 797 5100 p.
811 5031 854 5086 21.

553 5120 575 5192 ¹)
593 5119 671 5176 tituli
688 5135 797 5191 semper
815 5117 886 5176 ΑΕ·
907 5118 1048 5181 exhibent,
1067 5115 1104 5173 cf.
1139 5114 1220 5172 Pher.
1233 5117 1252 5175 l.
1265 5116 1404 5176 1.11083.
