4275 6025
954 714 1167 813 -m-

391 926 494 991 oimus
526 922 724 992 Germaniae
755 923 1033 989 determinatione.
1080 922 1207 990 Scaldis
1239 922 1326 989 enim
1353 935 1459 990 amnis
1488 927 1567 989 tuno
1601 923 1730 989 demum

393 1029 591 1099 Germaniae
614 1028 687 1097 finis
712 1030 776 1095 dici
798 1034 937 1114 poterat,
962 1049 1036 1094 cum
1060 1026 1240 1096 Germania
1262 1027 1398 1094 inferior
1420 1050 1440 1094 a
1462 1026 1573 1095 Gallia
1595 1026 1730 1113 Belgica

391 1143 543 1223 separata
565 1144 644 1203 erat
691 1157 766 1201 nam
795 1155 992 1219 quamquam
1015 1133 1276 1222 Hirschfeldi01)
1307 1134 1447 1201 concedo
1471 1132 1665 1202 Germanias
1694 1137 1731 1201 in

391 1245 574 1329 provinciae
596 1244 735 1311 formam
757 1242 905 1309 redactas
933 1262 998 1307 non
1024 1240 1124 1307 fuisse
1151 1242 1255 1326 primo
1277 1263 1310 1326 p.
1334 1240 1413 1308 Ghr.
1445 1242 1584 1324 saeculo,
1619 1248 1730 1308 tamen

390 1350 478 1418 Plini
499 1352 571 1417 loco
595 1350 833 1417 demonstratur
861 1349 1006 1415 extitisse
1035 1348 1201 1433 quandam
1233 1349 1481 1432 separationem.
1527 1347 1652 1414 accedit
1682 1348 1731 1413 al-

390 1463 497 1523 terum
519 1479 584 1541 quo
606 1457 819 1523 recentiorem
842 1454 1003 1538 quendam
1026 1458 1193 1520 auctorem
1215 1456 1249 1520 in
1272 1476 1366 1521 usum
1389 1461 1540 1521 vocatum
1563 1475 1633 1521 esse
1652 1454 1730 1521 licet

391 1564 547 1630 conicere.
586 1562 759 1646 corrigitur
782 1560 868 1625 enim
883 1559 1054 1644 Agrippae
1068 1580 1220 1625 mensura
1234 1560 1323 1625 hisee
1346 1559 1467 1627 verbis:
1491 1561 1621 1626 Raetiae
1631 1584 1733 1648 prope

391 1671 480 1733 oniae
501 1672 617 1735 maiore
639 1669 803 1740 1610661166,
827 1688 899 1731 sane
921 1667 999 1729 circa
1021 1688 1169 1729 6666666666
1191 1667 1254 1731 aiae
1275 1666 1474 1754 (Agrippae)
1497 1669 1644 1735 66066166.
1680 1690 1729 1735 se-

391 1775 566 1861 quentibus
588 1781 697 1842 autem
720 1773 826 1841 verbis
854 1796 926 1837 narn
952 1770 1119 1837 Germania
1146 1774 1246 1837 malui
1262 1784 1370 1860 postea
1392 1777 1480 1838 anna
1503 1798 1555 1840 neo
1578 1787 1639 1840 1616
1657 1800 1731 1862 per-

390 1885 508 1967 cognita
538 1893 581 1947 eet
613 1882 701 1949 haud
733 1882 830 1948 dubie
852 1879 963 1946 Τ11661
972 1880 1000 1968 ⁹)
1029 1880 1131 1946 Drusi
1158 1879 1344 1947 Germanici
1375 1881 1598 1966 expeditiones
1628 1885 1732 1968 signi·

390 1989 537 2057 ficantur.
576 1988 649 2056 dein
673 1990 785 2074 populi
802 1986 999 2055 Germaniae
1022 1988 1100 2071 quin
1122 1989 1294 2054 recentiori
1316 1988 1367 2054 illi
1382 1990 1533 2074 scriptori
1550 1989 1733 2056 debeantur

390 2097 445 2163 vix
476 2095 609 2161 dubium
640 2102 691 2163 est
717 2096 958 2181 -respicitur
988 2096 1074 2160 enim
1103 2095 1231 2163 Scaldis
1261 2096 1345 2179 finis,
1380 2118 1446 2163 non
1475 2096 1620 2177 Rhenus,
1655 2120 1729 2164 cum

391 2204 483 2270 Mosa
512 2205 598 2270 inter
627 2201 823 2271 Germaniae
853 2201 967 2269 fluvios
997 2208 1029 2285 4,
1044 2206 1109 2273 100
1139 2209 1354 2285 enumeretur,
1388 2210 1426 2270 ut
1456 2226 1522 2271 non
1552 2204 1593 2270 de
1621 2204 1731 2273 Vistla

392 2331 476 2395 quae
505 2309 600 2376 modo
632 2310 700 2376 dixi
733 2312 849 2377 iterem
875 2347 925 2391 -,
959 2310 1024 2375 nisi
1054 2310 1138 2376 forte
1161 2308 1304 2376 Plinium
1333 2312 1439 2396 ipsum
1472 2332 1527 2377 eos
1549 2333 1590 2377 ex
1612 2313 1731 2378 militia

392 2414 588 2484 Germanica
610 2422 645 2482 et
667 2417 783 2483 studiis
808 2417 842 2481 in
866 2416 960 2482 bellis
985 2413 1190 2483 Germanicis
1213 2416 1377 2484 collocatis
1399 2419 1545 2502 cognitos
1576 2418 1732 2484 habuisse

392 2524 465 2607 quis
488 2522 616 2591 dixerit.
663 2527 750 2588 certe
765 2519 1002 2587 Ganuenefates
1018 2520 1131 2586 Tiberi
1154 2520 1246 2586 bellis
1268 2521 1453 2589 innotuere:
1477 2524 1618 2608 primum
1641 2523 1729 2609 apud

391 2629 478 2698 Vell.
503 2632 657 2711 2‚105‚1
684 2632 985 2694 commemorantur.
1032 2627 1146 2692 divisio
1174 2632 1285 2693 autem
1316 2630 1510 2713 populorum
1533 2627 1730 2697 Germaniae

391 2742 429 2801 ut
450 2756 514 2801 non
530 2734 625 2820 plane
640 2735 745 2801 aliena
760 2756 781 2799 a
796 2733 930 2800 Tacitae
939 2732 964 2816 8)
987 2739 1046 2813 est,
1070 2734 1119 2798 ita
1141 2754 1205 2799 non
1228 2733 1324 2799 nimis
1339 2755 1413 2799 cum
1433 2736 1546 2801 eadem
1565 2738 1729 2821 congruit:

390 2843 425 2908 in
449 2843 592 2927 quinque
614 2846 726 2926 partes
749 2841 876 2906 Plinius
899 2862 954 2907 eos
983 2839 1110 2918 dividit,
1142 2860 1163 2905 a
1189 2839 1296 2905 tribus
1322 2840 1435 2906 Manui
1465 2841 1550 2908 filios
1580 2864 1635 2908 eos
1665 2843 1728 2909 diei

391 2946 524 3015 Tacitus
553 2947 663 3016 refert.
709 2946 887 3014 notandum
919 2947 969 3013 est
998 2950 1108 3011 autem
1133 2942 1312 3013 Basternas
1343 2967 1416 3013 cum
1438 2946 1539 3014 Dacis
1568 2951 1728 3034 coniungi,

391 3077 526 3140 quorum
562 3057 595 3122 in
629 3056 685 3122 illo
721 3055 765 3122 ad
798 3055 979 3139 periegesin
1010 3052 1250 3121 Varronianam
1284 3054 1507 3122 additamento
1541 3052 1580 3121 fit
1609 3057 1732 3122 mentio

390 3168 422 3246 4,
447 3167 501 3233 80.

501 3289 601 3352 porro
628 3268 663 3333 in
693 3265 885 3333 Britanniae
920 3266 1134 3351 descriptione
1164 3270 1275 3349 4,102
1298 3288 1348 3351 sq.
1380 3267 1524 3333 Plinium
1554 3288 1619 3333 non
1650 3270 1731 3334 satis

390 3373 544 3439 habuisse
567 3373 705 3455 antiqua
727 3370 859 3454 referre,
883 3394 956 3438 cum
979 3372 1082 3437 multo
1105 3378 1179 3456 post
1201 3371 1384 3440 Varronem
1407 3380 1441 3439 et
1461 3373 1645 3458 Agrippam
1659 3373 1730 3440 Ro·

390 3481 495 3546 manis
523 3478 781 3563 expeditionibus
814 3485 904 3546 terra
934 3478 1099 3565 patefacta
1128 3481 1180 3562 sit,
1214 3479 1260 3544 nil
1283 3485 1334 3545 est
1364 3480 1452 3563 quod
1482 3481 1648 3550 miremur.
1694 3482 1729 3547 id

391 3586 478 3670 quod
510 3585 611 3670 ipsius
639 3583 745 3652 verbis
775 3585 951 3666 indicatur:
984 3584 1151 3648 Britannia
1180 3585 1279 3647 incula
1310 3585 1392 3648 61666
1421 3588 1538 3669 paeon
1568 3590 1731 3672 nostrisque

391 3691 622 3778 monimentis4).
662 3690 717 3756 ubi
732 3712 795 3757 vox
809 3691 989 3754 monimenta
1004 3691 1185 3756 necessario
1207 3690 1251 3756 ad
1277 3691 1404 3756 litteras
1427 3691 1577 3762 refertur.
1624 3716 1732 3779 neque

392 3799 477 3864 enim
495 3794 702 3864 Graecorum
734 3797 908 3880 quisquam
939 3796 1037 3862 armis
1067 3797 1102 3861 in
1129 3795 1191 3862 hac
1221 3797 1352 3881 regione
1382 3798 1508 3865 enituit.
1555 3801 1641 3866 unde
1663 3800 1729 3866 Ro·

391 3925 519 3969 manum
545 3903 736 3987 scriptorem
760 3904 970 3969 recentiorem
994 3900 1133 3968 Glaudio
1155 3902 1339 3969 adhibitum
1363 3925 1433 3970 esse
1456 3906 1640 3975 conieceris.
1673 3908 1729 3992 qui

391 4032 468 4079 vero
490 4011 685 4077 recentiores
707 4009 756 4075 illi
779 4007 901 4076 Graeci
924 4009 1045 4076 fuerint
1067 4013 1189 4093 4,103,
1220 4010 1370 4095 equidem
1397 4033 1460 4078 non
1491 4012 1634 4097 expedio,
1667 4014 1730 4078 nisi

501 4267 521 4337 1)
541 4283 640 4324 comm.
658 4265 786 4322 Momms.
806 4267 876 4323 1877
894 4283 922 4335 p.
941 4267 994 4322 433
1014 4283 1053 4334 sq.
1085 4265 1134 4320 ubi
1152 4266 1200 4335 qui
1218 4266 1253 4320 de
1272 4267 1325 4322 hac
1342 4268 1461 4322 materia
1474 4274 1556 4326 antea
1568 4269 1732 4341 scripserint

390 4352 518 4410 66166166.
555 4354 590 4410 ci.
610 4355 694 4410 etiam
712 4355 735 4412 1.
755 4355 928 4425 llsrquardt,
946 4357 1122 4411 Staatsverw.
1158 4355 1189 4409 1²
1207 4357 1275 4413 1881
1296 4375 1323 4426 p.
1343 4359 1445 4427 27166.

500 4452 521 4523 “)
540 4453 576 4510 61.
590 4452 663 4512 Vell.
676 4455 701 4520 2,
715 4455 776 4522 106,
791 4455 816 4509 1.
847 4453 923 4508 baud
935 4454 992 4508 scio
1006 4470 1041 4507 an
1054 4456 1152 4507 contra
1163 4453 1322 4508 adulatores
1335 4455 1428 4509 omniu
1446 4455 1476 4510 in
1488 4456 1576 4510 maius
1588 4455 1731 4511 efferentis

390 4540 496 4595 dictum
515 4541 551 4596 sit
568 4540 639 4595 illud
657 4559 706 4598 nee
726 4544 784 4598 teta
801 4541 959 4614 percognita
976 4544 1024 4613 eet,
1054 4541 1091 4599 cf.
1110 4540 1184 4598 Veli.
1203 4543 1223 4596 l.
1242 4541 1261 4598 l.
1274 4543 1452 4613 perlustrata
1469 4543 1557 4600 amis
1582 4549 1641 4601 tota
1661 4544 1730 4601 Ger·

391 4629 487 4686 mania
505 4633 552 4686 eet.
856 4651 865 4670 ·

500 4727 521 4795 ³)
540 4727 633 4783 Germ.
653 4729 679 4784 2.
698 4727 733 4784 cf.
753 4727 827 4785 Plin.
853 4729 1023 4801 Inguaeonee
1035 4745 1150 4798 paemen
1163 4744 1237 4799 pare
1256 4726 1361 4783 Cimbri
1378 4727 1494 4784 Teutoni
1511 4745 1545 4785 66
1557 4729 1729 4787 otonem

389 4815 579 4890 9661666166
597 4816 722 4887 prasini
740 4835 837 4874 666666
857 4818 1033 4889 Ingaevones.
1058 4817 1131 4872 Plin.
1150 4817 1344 4874 mediterranei
1360 4816 1537 4874 Herminones:
1563 4818 1627 4875 Tac.
1646 4820 1732 4876 medii

391 4907 555 4963 Hermiones
574 4907 774 4979 (Herminones
792 4907 850 4961 lere
869 4906 968 4978 codd).

498 5006 521 5076 4)
539 5004 575 5060 61.
594 5003 659 5060 Τ66.
679 5004 748 5074 Agr.
769 5005 803 5061 10
822 5004 991 5061 Britanniae
1009 5005 1096 5062 situm
1115 5003 1280 5075 populosque
1302 5003 1400 5061 multis
1421 5004 1606 5075 respuatur
1632 5023 1730 5062 menso·

390 5095 477 5150 rates.
