4275 6025
935 698 1148 800 All„-

387 938 393 947 ·
485 908 625 995 denique
648 912 679 990 6,
692 913 733 979 31
758 909 793 973 in
815 907 903 974 calce
924 906 1149 992 descriptionis
1171 929 1340 975 mensurae
1374 908 1536 992 quaedam
1565 908 1710 977 adnexae

374 1003 461 1084 eunt.
508 1014 666 1101 equibus
689 1013 796 1079 media
819 1033 859 1078 ex
880 1010 1010 1097 Nepote
1039 1013 1234 1096 interposita
1263 1019 1323 1080 est.
1368 1015 1475 1100 prima
1503 1015 1569 1081 iam
1599 1019 1709 1098 2173

373 1123 504 1208 prolata
527 1128 577 1188 est
599 1122 633 1187 in
655 1121 786 1204 sensu¹)
810 1117 953 1203 quodam
975 1141 1073 1204 quam
1095 1120 1235 1185 maxime
1257 1119 1347 1186 affmi
1370 1120 1592 1190 Varronianae
1621 1121 1709 1188 illius

374 1229 415 1296 de
438 1236 545 1295 terrae
568 1234 601 1294 et
622 1249 729 1313 aquae
750 1228 925 1293 certamine
947 1224 1190 1293 declamationi:
1213 1228 1257 1291 ira
1279 1238 1374 1292 arrae
1397 1239 1455 1292 tre:
1470 1239 1570 1314 partes
1591 1229 1712 1293 ademit:

373 1335 496 1408 σαιὶιιιιι,
524 1336 625 1398 oceani
645 1335 781 1420 rapina
803 1331 849 1419 (cf.
874 1335 950 1414 621)
979 1335 1013 1396 ia
1034 1319 1145 1397 incerto
1173 1344 1222 1400 eat.
1268 1335 1321 1397 aad
1349 1344 1377 1397 et
1405 1334 1507 1398 relicta
1536 1335 1618 1398 nobie
1648 1358 1710 1400 aaa

373 1441 471 1526 portis
492 1439 575 1503 laad
596 1441 655 1503 ecio
676 1461 718 1502 cn
740 1441 832 1502 edam
853 1439 886 1501 ia
908 1439 1019 1502 maiore
1041 1439 1152 1501 damae
1173 1439 1220 1510 eit,
1247 1439 1329 1502 idem
1350 1439 1496 1524 eiqrcidem
1520 1461 1643 1504 oceanas
1664 1442 1710 1504 ιἰι-

365 1547 457 1633 fusus
478 1549 511 1610 in
533 1546 639 1610 maltos
661 1557 695 1608 at
716 1543 879 1631 dicemua¹)
902 1548 986 1609 ιίιιιιι
1009 1547 1083 1609 adeo
1108 1546 1205 1608 aiano
1232 1567 1348 1609 aceeeea
1379 1547 1498 1610 interna
1526 1548 1628 1610 mario
1651 1549 1711 1610 ad·

374 1654 504 1732 latrat,
537 1664 571 1716 at
599 1663 710 1716 centum
744 1653 914 1739 qaindecim
944 1652 1063 1715 midam
1092 1674 1239 1736 poemiam
1267 1652 1418 1716 Arabicae
1446 1654 1528 1716 aaa:
1555 1647 1643 1718 dictet
1672 1654 1711 1718 ab

374 1762 522 1846 Aepyptio
544 1758 667 1844 amri⁸),
694 1757 821 1845 Caepio:
836 1781 905 1823 vero
931 1757 1152 1823 CCCLXXV
1167 1758 1288 1822 midiae
1310 1781 1331 1822 a
1353 1759 1491 1834 Pontico,
1514 1761 1596 1824 idem
1617 1762 1710 1825 iater-

369 1867 462 1954 faana
493 1869 576 1930 intra
601 1888 660 1952 per
692 1877 734 1930 tot
759 1867 869 1939 meria,
904 1865 1010 1951 quibua
1031 1865 1172 1947 Africam
1194 1865 1353 1951 Europam
1374 1866 1540 1952 Arriamque
1562 1867 1710 1954 ἀιὶριιιίι,

372 1983 519 2058 monam
540 1983 691 2036 anorum
713 1969 853 2057 occupati
897 1970 978 2038 haec
1007 1991 1025 2036 e
1048 1970 1198 2040 Varrone
1229 1970 1362 2038 fluxisse
1393 1978 1463 2038 tam
1489 1993 1585 2039 seusu
1615 1993 1711 2058 quam

371 2080 479 2146 verbis
501 2078 668 2164 probatur.
712 2079 824 2163 itaque
846 2080 876 2154 6,
894 2081 936 2149 31
962 2098 1092 2164 quoque
1114 2079 1212 2164 aliqui
1230 2078 1274 2145 ad
1288 2078 1470 2148 Varronem
1486 2083 1620 2163 spectat
1660 2079 1711 2145 cni

371 2185 481 2252 favent
502 2184 614 2250 verba:
640 2186 732 2248 tauta
753 2186 860 2249 taram
882 2187 1028 2270 caputiis
1049 2184 1205 2271 infestatae·
1227 2185 1305 2248 Aria
1328 2185 1383 2271 (cf.
1408 2189 1439 2263 5,
1453 2188 1495 2255 65
1519 2183 1611 2271 fin.⁴)

485 2288 604 2357 Claudi
626 2311 702 2356 vero
726 2287 876 2357 Caesaris
899 2309 1081 2357 mensuram
1104 2290 1216 2356 eadem
1239 2290 1300 2373 via,
1329 2311 1395 2375 qua
1418 2292 1449 2372 6,
1462 2295 1505 2361 27
1529 2292 1598 2357 eius
1620 2291 1711 2360 testi·

373 2396 528 2475 monium,
551 2395 593 2461 ad
616 2394 762 2460 Plinium
783 2394 944 2478 perlatam
966 2416 1035 2461 esse
1061 2397 1098 2460 in
1118 2394 1293 2480 propatulo
1315 2402 1375 2462 est.
1422 2416 1461 2461 ea
1490 2402 1600 2462 autern
1627 2395 1711 2462 sicut

373 2522 473 2588 supra
502 2501 717 2586 exposuimus,
749 2522 822 2567 oum
852 2500 988 2585 reliquie
1017 2500 1060 2567 ab
1092 2501 1185 2566 initio
1218 2500 1389 2567 coniuncta
1417 2523 1483 2567 non
1513 2507 1592 2571 erat.
1638 2523 1712 2569 oum

374 2610 486 2676 eadem
508 2609 626 2674 ultima
647 2611 718 2672 arte
741 2607 929 2672 cohaerent:
959 2607 1030 2692 ipsa
1054 2607 1140 2672 euim
1162 2604 1334 2673 Mucianae
1356 2612 1442 2689 sunt,
1473 2607 1508 2673 id
1531 2607 1620 2692 quod
1642 2629 1712 2675 cer·

372 2717 463 2782 nitur
484 2716 615 2781 notione
639 2718 807 2797 portarum
831 2714 1069 2791 caucasiorum.

485 2824 516 2904 6,
530 2825 573 2891 33
596 2819 640 2887 ad
664 2821 825 2887 exteriora
848 2819 951 2887 Asiae
973 2819 1101 2886 Plinius
1124 2826 1282 2905 evagatur
1303 2820 1475 2887 simillimis
1503 2843 1580 2888 usus
1606 2820 1710 2887 verbis

372 2928 492 3015 quibus
514 2933 547 3007 4,
558 2930 601 2997 94
624 2948 645 2993 a
666 2926 771 2993 Tanai
795 2927 837 2993 ad
859 2933 972 2994 extera
993 2928 1148 3015 Europae
1170 2934 1392 3013 transgressus
1415 2935 1473 2994 est.
1519 2926 1604 2992 unde
1634 2947 1712 2992 eun·

372 3036 446 3103 dem
469 3041 634 3103 auctorem
656 3041 797 3118 utroque
824 3036 893 3101 loco
916 3036 1047 3102 subesse
1075 3034 1284 3102 manifestum
1312 3042 1370 3102 est.
1416 3040 1487 3103 tota
1516 3040 1625 3101 autem
1654 3034 1712 3101 illa

373 3143 414 3210 de
443 3142 577 3227 Ripaeis
607 3139 771 3207 montibus
798 3141 957 3225 doctrina,
993 3141 1033 3207 de
1067 3141 1166 3208 fluvio
1196 3141 1399 3224 Carambuci,
1431 3143 1472 3209 de
1501 3140 1712 3225 Arimphaeis

373 3250 512 3334 priscam
537 3248 728 3333 sapientiam
750 3248 884 3332 profert.

486 3360 557 3421 tum
580 3357 613 3436 6,
631 3358 685 3425 36.
706 3358 750 3424 38
780 3354 960 3422 Varronem
990 3357 1179 3440 primarium
1210 3362 1375 3424 auctorem
1407 3356 1505 3423 luisse
1526 3358 1591 3422 iam
1613 3376 1711 3440 snpra

373 3460 827 3547 p.11⁵)demonstravimus.
873 3463 914 3528 ad
945 3463 1014 3528 eius
1040 3464 1223 3548 periegeein
1243 3463 1387 3531 Plinium
1413 3466 1520 3532 denuo
1540 3486 1574 3530 ee
1606 3464 1712 3550 appli-

372 3584 462 3636 casse
490 3568 615 3652 liquido
642 3572 743 3654 patet.
790 3568 915 3635 accedit
942 3570 1030 3656 quod
1062 3592 1175 3638 rursus
1206 3592 1279 3637 cum
1307 3572 1395 3637 Mela
1422 3572 1634 3655 congruentia
1661 3572 1712 3636 in-

370 3676 507 3742 venitur.

485 3780 584 3845 etiam
599 3779 784 3863 fragmenta
798 3780 917 3848 Isidori
940 3788 973 3848 et
987 3781 1159 3868 Agrippae
1174 3802 1248 3847 cum
1264 3780 1483 3848 Oehmioheno
1503 3782 1709 3848 exclusimus:

371 3885 430 3952 sed
451 3886 586 3951 tertium
610 3886 772 3969 quoddam
796 3893 916 3955 exstat:
948 3910 1007 3952 noa
1037 3890 1145 3952 dream
1175 3889 1228 3972 qai
1259 3889 1320 3951 eiae
1347 3889 1442 3950 marea
1464 3889 1633 3951 ontearum
1656 3889 1712 3951 eir·

371 3994 482 4055 σιιὲιιιιιι
504 4015 524 4054 a
543 3991 627 4078 freto
648 3982 769 4082 W!
785 3994 818 4076 (i.
834 3996 951 4064 20000
965 3993 1065 4080 stad.)
1089 3996 1221 4059 radant.
1258 3993 1293 4059 id
1307 4014 1372 4060 non
1387 3994 1430 4059 ad
1445 3993 1625 4077 periegeeiu
1639 4014 1711 4078 per·

371 4099 474 4164 tinere
498 4117 536 4164 eo
559 4099 788 4183 comprobatur
810 4099 898 4185 quod
919 4100 996 4167 freti
1018 4103 1140 4167 mentio
1162 4100 1304 4168 nondum
1326 4100 1415 4166 lacte
1442 4106 1502 4167 est.
1547 4100 1646 4165 immo
1677 4101 1711 4164 in

371 4203 587 4273 Varronianis
608 4207 779 4289 angustiae
794 4205 901 4292 farae:
924 4207 1088 4275 dicuutur.
1133 4208 1247 4291 itaque
1270 4228 1391 4274 nocer
1414 4205 1562 4275 Varrone
1590 4225 1649 4271 nec
1672 4228 1712 4272 ex

371 4309 525 4396 Agrippa
552 4316 611 4378 aut
633 4311 763 4378 Isidoro
793 4312 855 4379 hoo
885 4314 1089 4380 enuntiatum
1118 4311 1223 4379 fluxit.
1270 4313 1311 4379 de
1343 4312 1471 4398 Nepote
1503 4312 1653 4397 equidem
1684 4314 1712 4379 si

373 4419 576 4509 coniecturae
598 4419 687 4485 locus
709 4417 817 4501 datur,
842 4420 1058 4505 cogitaverim.
1107 4441 1192 4504 qnae
1215 4421 1322 4505 opinio
1345 4440 1411 4486 una
1433 4419 1645 4486 similitudine
1667 4420 1712 4485 lo·

481 4630 503 4699 ¹)
520 4627 724 4685 Eratosthenes:
742 4630 864 4701 proferri
882 4630 955 4686 haud
973 4630 1073 4684 inutile
1092 4630 1176 4685 fuerit
1194 4630 1336 4685 adnotare.

480 4717 501 4787 ¹)
521 4717 556 4773 cl
576 4719 683 4790 3,5a1.

480 4808 501 4876 ⁸)
521 4811 588 4860 nota
606 4824 707 4862 nomeu
726 4806 941 4875 Veneriorum,
958 4806 993 4861 ol.
1013 4806 1092 4874 6,st

479 4896 502 4962 ⁴)
521 4893 654 4950 hocloco
672 4895 791 4949 fumasse
810 4894 986 4948 Varroniano
1003 4909 1138 4959 mensura,
1158 4910 1229 4962 quae
1247 4895 1333 4970 2171
1360 4898 1458 4962 exstat,
1478 4895 1622 4965 Agrippae
1641 4910 1711 4963 quae

370 4985 416 5037 est
432 4982 582 5049 simillime,
601 4983 750 5038 exturbata
768 4988 818 5039 est.
1642 4976 1643 4980 ’

479 5072 502 5143 ⁸)
522 5072 557 5126 of.
576 5072 661 5126 etiam
679 5089 707 5141 p.
728 5073 787 5132 105.
