4275 6025
1015 735 1080 799 159

377 948 495 1013 iterum
529 953 746 1032 percensetur,
781 947 869 1031 quod
898 946 1054 1032 oppidum
1086 949 1152 1012 iam
1187 950 1218 1025 5,
1231 950 1272 1016 61
1305 947 1488 1013 absolutum
1519 953 1579 1013 est.
1625 967 1715 1013 error

376 1062 482 1120 autem
504 1053 593 1120 Plini
616 1073 654 1118 eo
676 1052 803 1118 facilius
825 1055 1065 1118 excusationem
1089 1052 1199 1133 habet,
1229 1051 1315 1136 quod
1339 1053 1391 1118 hic
1413 1051 1538 1120 (lanum
1561 1055 1714 1139 oppidum

375 1161 503 1227 dicitur.
549 1166 619 1225 tum
640 1158 696 1224 ille
719 1167 841 1237 auctor,
866 1180 963 1243 quem
995 1158 1073 1225 1565
1106 1163 1181 1237 55,
1196 1161 1238 1228 62
1268 1159 1416 1243 sequitur
1439 1158 1576 1237 Plinius,
1609 1163 1714 1225 terras

376 1269 473 1334 aliter
488 1267 659 1352 discripsit,
681 1288 777 1351 quam
794 1266 944 1346 Sebosus,
970 1289 1065 1351 quem
1082 1265 1223 1350 Libyam
1240 1267 1452 1333 Mareotidem
1473 1287 1546 1331 cnm
1562 1267 1714 1351 Aegypto

375 1374 577 1440 coniunxisse
599 1380 633 1438 et
655 1375 723 1439 eius
745 1374 826 1439 fines
848 1395 951 1459 usque
973 1374 1015 1439 ad
1036 1372 1279 1440 Catabathmon
1301 1374 1492 1458 produxisse
1515 1396 1613 1458 supra
1635 1375 1715 1440 vidi·

375 1503 458 1548 mus.
497 1489 532 1547 at
554 1486 586 1560 5,
598 1484 641 1552 62
664 1483 856 1546 Abraoudrr'o
878 1505 899 1545 5
922 1481 1036 1566 Magno
1058 1483 1236 1546 Alesaudro
1259 1483 1379 1546 condita
1401 1484 1434 1545 15
1456 1481 1606 1568 Africae
1623 1493 1714 1568 parte

375 1607 441 1672 555.
488 1586 635 1652 diversus
661 1587 763 1671 igitur
793 1589 821 1652 is
850 1594 965 1654 auctor
997 1587 1040 1653 ab
1064 1589 1227 1673 Agrippa,
1261 1589 1405 1655 diverso·
1436 1586 1610 1656 aSeboso.
1657 1587 1714 1654 sed

376 1695 446 1778 quis
468 1695 521 1778 sit,
545 1715 585 1759 ex
607 1695 737 1760 notione
760 1695 916 1780 Aegyptii
937 1695 1037 1760 maris
1060 1692 1180 1760 efficio:
1211 1693 1292 1760 haec
1317 1694 1430 1778 procul
1453 1693 1552 1759 dubio
1574 1693 1616 1758 ad
1640 1713 1713 1759 eum

374 1800 524 1881 pertinet,
549 1801 606 1884 551
628 1799 688 1865 1115
717 1801 846 1884 scripsit
868 1805 899 1877 5,
912 1802 955 1869 49
987 1801 1087 1862 maria
1117 1803 1179 1863 eins
1202 1800 1330 1884 (Asiae)
1362 1801 1507 1887 conplura
1538 1799 1577 1862 ab
1607 1799 1714 1862 accolis

374 1917 490 1970 maere
504 1909 636 1971 nomino.
671 1905 858 1990 56655556
879 1910 910 1984 5,
924 1908 966 1976 62
984 1906 1221 1972 Eratosthenea
1242 1906 1283 1973 65
1300 1907 1503 1973 Alexandria
1521 1912 1714 1972 enarrantur

373 2009 427 2096 (51.
451 2010 559 2078 Strab.
584 2013 673 2094 793).
712 2011 852 2094 denique
872 2012 1050 2095 periegesin
1074 2033 1165 2078 oram
1184 2018 1374 2097 sequentem
1395 2015 1609 2096 agnoscimus:
1634 2010 1713 2096 quid

373 2116 498 2184 multa?
545 2117 727 2186 Varronem
757 2117 927 2184 manifesto
955 2126 1108 2187 tenemus.
1154 2120 1210 2186 sed
1235 2117 1353 2186 Olaudi
1377 2119 1528 2187 (laeseris
1550 2119 1713 2202 fragmen·

373 2228 442 2289 tum
466 2245 530 2308 quo
553 2228 685 2289 auctore
708 2223 934 2308 interpositum
958 2225 1002 2289 sit
1024 2225 1141 2305 nescio,
1165 2227 1228 2291 nisi
1251 2225 1336 2292 forte
1359 2227 1570 2306 515516128
1593 2225 1641 2289 115
1661 2224 1713 2289 hic

374 2349 503 2413 quoque
526 2329 695 2397 Mucianus
716 2332 749 2397 id
779 2330 938 2415 praebuit.
986 2333 1038 2398 oui
1060 2334 1246 2399 coniectura
1268 2332 1445 2400 firmandae
1468 2332 1712 2398 accomodatum

375 2441 433 2511 551,
459 2435 547 2520 5556
569 2442 600 2515 5,
614 2442 658 2507 50
681 2459 721 2503 ex
743 2437 856 2504 eodem
872 2438 1069 2504 simillimum
1093 2440 1351 2505 additamentum
1366 2439 1488 2505 factum
1505 2444 1564 2505 est.
1603 2445 1711 2502 tamen

374 2549 464 2607 certa
487 2543 614 2608 ratione
636 2543 697 2608 hoc
719 2545 936 2610 demonstrari
958 2565 1021 2609 non
1046 2566 1140 2628 posse
1163 2545 1314 2611 concedo.

485 2672 516 2738 5.
531 2672 572 2738 65
597 2670 752 2735 transitur
774 2669 815 2735 ad
838 2668 1007 2749 Arabiam,
1032 2672 1124 2736 cuius
1148 2670 1397 2755 descriptionem
1420 2690 1438 2735 e
1460 2668 1609 2734 Romano
1637 2687 1712 2732 auo·

373 2777 446 2840 tore
468 2773 598 2841 fluxisse
621 2781 710 2840 certo
726 2774 966 2841 demonstratur
980 2777 1109 2842 nomine
1125 2776 1237 2862 oppidi
1253 2774 1400 2843 Aelanac
1424 2782 1454 2850 5,
1466 2779 1519 2863 65,
1542 2774 1583 2840 51.
1600 2777 1631 2854 6,
1649 2776 1710 2844 156

373 2886 407 2947 51
430 2902 528 2964 supra
549 2902 581 2965 p.
606 2884 659 2950 36.
705 2887 745 2945 ab
769 2881 920 2964 Agrippa
942 2903 1018 2947 vero
1041 2903 1112 2947 eam
1135 2884 1273 2948 alienam
1297 2904 1365 2948 esse
1387 2890 1561 2967 propterea
1590 2880 1709 2963 iudico,

374 2987 461 3072 5556
485 2990 553 3055 5155
576 3009 727 3054 mensura
750 2994 780 3071 5,
795 2990 838 3058 65
861 2997 974 3073 555155
996 2989 1120 3055 inserta
1143 2990 1240 3073 est1).
1287 3009 1347 3055 nec
1369 2989 1475 3055 minus
1499 3009 1520 3054 a
1552 2987 1709 3072 periegesi

372 3096 511 3161 alienum
540 3095 757 3178 fragmentum
786 3096 873 3180 quod
903 3117 1003 3180 supra
1032 3120 1061 3180 p.
1091 3100 1153 3165 1055
1184 3096 1221 3163 cl.
1247 3096 1390 3162 Dimens.
1422 3102 1444 3164 4
1475 3100 1508 3161 51
1532 3094 1634 3159 Divis.
1669 3097 1709 3164 19

372 3201 541 3287 Agrippae
552 3204 797 3270 vindicavimus:
814 3209 844 3281 5,
856 3206 899 3273 67
911 3204 1061 3288 asprum
1073 3207 1135 3268 eice
1149 3206 1181 3283 (i.
1193 3202 1321 3287 Syriae)
1339 3255 1347 3272 .
1365 3253 1372 3270 .
1388 3200 1522 3288 Zeugma
1535 3193 1710 3266 CLXXV

371 3307 414 3373 ad
437 3309 536 3374 alium
561 3311 645 3375 enim
662 3308 776 3394 Syriae
799 3310 956 3376 ambitum
980 3311 1120 3395 pertinet
1143 3332 1181 3376 55
1203 3311 1387 3395 periegesis.
1425 3314 1540 3375 contra
1562 3330 1601 3375 55
1624 3331 1708 3394 5555

371 3413 412 3479 65
434 3415 530 3480 huius
553 3422 661 3481 terrae
684 3415 866 3481 nominibus
889 3424 984 3481 antea
1007 3416 1192 3497 traduntur,
1218 3415 1261 3482 ad
1277 3438 1348 3482 eam
1365 3415 1607 3482 accommodata
1622 3424 1707 3482 sunt.

371 3520 548 3586 notandum
573 3529 622 3587 est
644 3542 719 3586 vero
742 3522 774 3585 in
800 3520 894 3605 Syria
917 3521 1208 3587 circumscribenda
1230 3523 1315 3587 sicut
1338 3522 1371 3588 in
1396 3522 1529 3587 Aetolia
1552 3526 1599 3600 (4,
1613 3522 1649 3606 6)
1677 3526 1710 3586 51

248 3710 250 3713 ¹
370 3626 450 3691 alibi
473 3628 644 3693 historicas
667 3627 806 3694 valuisse
827 3630 970 3694 rationes
994 3650 1052 3694 nec
1075 3630 1282 3694 determinari
1306 3629 1502 3714 provinciam
1528 3627 1709 3695 Romanam

371 3754 468 3816 quam
486 3733 637 3817 Agrippa
659 3734 804 3811 metitur,
829 3732 885 3799 556
909 3754 1045 3817 regnum
1062 3732 1316 3799 Seleucidarum.
1365 3733 1570 3801 Varroniana
1592 3733 1708 3798 deinde

369 3844 515 3905 tenemus
547 3845 577 3921 5,
592 3843 633 3908 67
665 3840 697 3904 15
729 3839 789 3904 hoc
812 3860 939 3924 quoque
970 3841 1152 3906 enuntiato:
1178 3841 1313 3925 165556
1329 3840 1482 3925 praeiacet
1503 3861 1589 3902 mare
1616 3848 1708 3901 totum

368 3946 561 4010 Pboemcc'um
585 3945 787 4031 appelbrffl)
810 3948 849 4014 51.
868 3952 897 4024 5,
911 3950 954 4016 47
978 3953 1012 4012 et
1035 3954 1065 4027 5,
1084 3944 1191 4029 128³).

480 4072 593 4154 itaque
624 4070 763 4154 amplior
786 4070 964 4136 Phoenices
996 4071 1191 4154 significatio
1224 4070 1382 4148 sublucet,
1417 4069 1508 4133 cuius
1538 4069 1707 4152 vestigium

370 4182 400 4260 5,
414 4181 456 4249 69
481 4199 610 4263 555555
625 4180 782 4244 cernitur:
807 4177 884 4264 Iope
900 4178 1085 4242 Phoenicum
1101 4178 1154 4264 (cl.
1173 4176 1259 4242 Mela
1284 4182 1314 4258 1,
1328 4178 1396 4260 61).
1432 4182 1468 4240 51
1483 4176 1516 4240 15
1530 4176 1707 4241 recentiore

369 4285 584 4371 descriptione
606 4307 705 4370 quam
734 4286 828 4350 iuxta
859 4284 987 4350 Plinius
1019 4284 1181 4363 adhibuit,
1205 4282 1366 4350 Caesarea
1398 4280 1471 4346 finis
1501 4281 1707 4349 Palaestinae

369 4398 419 4457 551
442 4397 472 4474 5,
487 4395 540 4491 69.

480 4519 510 4594 5,
525 4517 568 4585 66
591 4536 703 4580 rursus
726 4536 747 4579 a
768 4513 898 4581 Pelusio
921 4515 1078 4599 incipitur
1100 4536 1221 4598 oraque
1244 4510 1446 4581 describitur.
1493 4517 1529 4578 at
1552 4515 1581 4590 5,
1594 4512 1636 4580 65
1661 4509 1707 4575 61·

369 4626 455 4686 serte
476 4621 599 4686 dictum
623 4626 674 4685 est
696 4620 857 4685 Arabiam
880 4620 943 4686 nisi
967 4619 1063 4686 Casio
1086 4626 1193 4684 monte
1221 4618 1360 4685 nobilem
1393 4638 1456 4683 non
1488 4639 1569 4683 esse:
1602 4618 1707 4683 diver-

477 4850 501 4914 ¹)
518 4850 552 4905 51.
572 4848 783 4918 Oehmiohenus,
801 4848 879 4905 Plio.
897 4848 977 4905 Stoa
996 4849 1067 4905 18110
1085 4866 1112 4917 p.
1134 4849 1176 4904 20.

476 4937 500 5010 ⁸)
519 4943 617 4993 contra
635 4938 764 5009 Agrippa
781 4939 922 5009 Aegyptio
941 4939 1011 4993 mari
1029 4955 1086 4992 non
1105 4937 1220 5007 Syriam,
1239 4936 1288 4991 sed
1311 4936 1395 4991 etiam
1408 4934 1505 4991 Asiam
1524 4934 1591 4989 allui
1609 4933 1706 5003 voluit,

366 5023 589 5083 51.Ῑ)155555.4.
617 5027 703 5083 Diris.
726 5027 765 5083 19.

478 5114 500 5184 ¹)
520 5114 554 5167 de
572 5114 676 5168 ultimis
694 5129 762 5169 vero
781 5114 863 5168 huius
879 5114 1051 5185 paragraphi
1069 5112 1161 5169 verbis
1180 5128 1264 5183 snpra
1282 5112 1396 5183 egimus,
1415 5110 1451 5169 cl.
1469 5130 1499 5181 p.
1517 5112 1561 5169 67.
