4275 6025
1048 753 1113 817 164

414 964 541 1030 Isauria
562 969 672 1030 autem
695 969 772 1029 ante
795 964 975 1030 Antonium
999 964 1108 1050 (368.)
1130 984 1195 1029 non
1222 984 1326 1046 usque
1357 963 1398 1027 ad
1429 983 1518 1028 mare
1551 960 1744 1046 pertinebat,

411 1076 525 1154 postea
550 1091 623 1135 cum
650 1067 785 1136 Galatia
821 1069 934 1135 iuncta
964 1076 1043 1138 0181.
1104 1089 1189 1152 quae
1219 1088 1292 1133 cum
1326 1068 1374 1133 ita
1407 1068 1482 1144 sint,
1517 1088 1633 1150 graeco
1668 1067 1748 1133 haec

412 1177 562 1261 scriptori
584 1175 749 1240 vindicare
772 1175 884 1258 ausim.
932 1197 1015 1259 quae
1039 1177 1147 1260 opinio
1171 1173 1422 1253 confirmabitur,
1453 1177 1481 1240 si
1510 1177 1627 1240 seriem
1654 1176 1746 1259 oppi-

413 1281 528 1349 dorum
551 1281 759 1365 contemplati
782 1283 913 1348 erimus.
959 1304 1033 1348 nam
1067 1283 1213 1366 quamvis
1244 1280 1349 1346 brevis
1379 1283 1431 1362 sit,
1464 1287 1572 1347 tamen
1604 1303 1676 1347 eam
1705 1281 1748 1346 ad

413 1389 572 1455 elementa
594 1409 712 1472 graeca
734 1389 943 1472 compositam
967 1411 1036 1455 esse
1059 1390 1180 1455 elucet:
1197 1386 1328 1473 Ἴσαυρα
1343 1388 1502 1473 Kalamos
1516 1387 1671 1465 Λάλασις.
1708 1409 1749 1453 ex

414 1497 537 1580 graecis
560 1517 635 1561 vero
656 1495 844 1561 auctoribus
867 1517 941 1561 cnm
962 1503 1092 1580 praeter
1115 1497 1279 1564 Isidorum
1301 1515 1394 1561 nemo
1408 1494 1516 1561 Plinio
1531 1497 1601 1580 ipse
1616 1502 1747 1581 praesto

373 1637 377 1644 ·
413 1602 521 1682 fuerit,
546 1602 622 1668 huic
643 1600 724 1666 illud
748 1600 1007 1684 supplementum
1032 1601 1142 1666 deberi
1164 1601 1282 1666 iudico.

521 1709 594 1776 dein
617 1730 690 1774 cum
714 1706 849 1773 Isauriis
871 1729 949 1792 gens
969 1707 1172 1776 Omanadum
1195 1716 1266 1773 arte
1290 1728 1408 1782 conexa
1427 1714 1478 1773 est
1492 1707 1580 1792 apud
1596 1706 1748 1772 Plinium.

414 1816 518 1882 eidem
540 1837 575 1881 se
597 1836 667 1879 eam
690 1820 856 1898 acceptam
880 1813 964 1881 ferre
987 1815 1056 1898 ipse
1080 1813 1256 1880 admodum
1278 1814 1447 1898 perspicue
1470 1812 1601 1879 indicat.
1649 1809 1748 1878 Oma-

322 2003 324 2010 ,
414 1922 513 1988 nades
537 1926 647 1987 autem
671 1941 744 1985 cum
768 1917 914 1984 Ciliciam
937 1941 1047 1986 versus
1071 1920 1265 2002 habitarent,
1289 1920 1317 1983 is
1339 1919 1425 1984 unde
1447 1918 1567 1984 Isaurii
1590 1925 1623 1983 et
1647 1916 1748 1985 Oma-

414 2028 513 2094 nades
535 2026 687 2091 translati
710 2031 794 2105 sunt,
819 2027 982 2091 contrario
1005 2026 1116 2091 ordine
1138 2046 1176 2091 80
1191 2025 1316 2090 Plinius
1332 2027 1499 2110 processit.
1538 2023 1748 2109 quamobrem

415 2134 638 2219 supplementa
671 2131 896 2215 descriptionis
923 2130 1056 2198 Ciliciae
1090 2138 1121 2214 5,
1134 2134 1186 2201 91.
1212 2134 1254 2201 92
1285 2153 1368 2216 quae
1398 2132 1494 2197 modo
1525 2132 1746 2212 tractavimus,

415 2244 486 2326 ipsa
509 2259 636 2325 quoque
652 2238 779 2304 Isidoro
801 2239 945 2305 tribuere
968 2238 1130 2308 debemus.
1169 2241 1296 2304 aciem
1319 2245 1425 2305 mente
1448 2240 1563 2306 redeas
1579 2237 1622 2303 ad
1636 2237 1747 2322 Syriae

416 2368 505 2413 oram
528 2345 585 2410 ubi
607 2345 726 2409 inversi
748 2344 870 2410 ordinis
894 2345 1077 2428 exemplum
1099 2366 1198 2429 supra
1221 2367 1253 2428 p.
1279 2348 1340 2415 161
1366 2344 1560 2411 deteximus:
1591 2343 1639 2409 ibi
1670 2363 1748 2426 quo·

416 2473 478 2537 que
493 2451 656 2516 Isidorum
679 2450 809 2516 subesse
829 2448 997 2516 concedes:
1022 2456 1053 2527 b,
1068 2454 1121 2520 68.
1160 2452 1246 2516 unde
1268 2450 1356 2517 haud
1377 2450 1580 2517 mediocriter
1599 2447 1750 2514 firmatur

416 2558 504 2644 quod
526 2557 646 2622 ibidem
668 2555 836 2640 posuimus
859 2555 1061 2621 subtiliorem
1076 2556 1167 2621 illam
1183 2555 1296 2641 Syriae
1312 2555 1502 2623 divisionem
1525 2557 1567 2622 ad
1583 2555 1747 2621 Isidorum

416 2686 485 2732 esse
507 2660 717 2738 referendam,
742 2661 782 2729 cf.
806 2683 838 2745 p.
864 2664 938 2731 162.

527 2776 640 2836 contra
671 2790 754 2853 quae
785 2767 825 2832 de
855 2768 972 2834 Pisidis
1004 2773 1034 2850 b,
1048 2772 1092 2838 94
1124 2775 1308 2853 narrantur,
1341 2791 1380 2835 ea
1403 2769 1532 2835 Isidoro
1563 2767 1750 2833 abiudicare

416 2878 528 2944 audeo.
568 2898 642 2941 nam
666 2872 906 2957 Artemidorus,
932 2897 996 2959 quo
1020 2875 1112 2941 illum
1136 2876 1309 2960 praecipue
1332 2875 1413 2942 duce
1436 2898 1529 2942 usum
1551 2895 1621 2940 esse
1642 2896 1682 2939 ex
1704 2875 1749 2939 eis

417 2987 495 3053 locis
518 2988 663 3069 apparet,
688 2981 807 3065 quibus
823 2981 1052 3048 Artemidorus
1067 2983 1287 3048 intercedente
1309 2981 1436 3049 Isidoro
1458 2981 1501 3048 ad
1516 2981 1658 3047 Plinium
1674 3000 1750 3065 per·

417 3094 512 3174 venit,
547 3089 587 3156 cf.
619 3110 718 3172 supra
747 3111 780 3173 p.
805 3094 912 3173 eosq„
948 3089 1052 3154 multo
1086 3089 1229 3171 largiora
1258 3089 1425 3174 praebuit:
1456 3088 1663 3157 3118181170.
1716 3086 1750 3149 in

417 3197 576 3263 Plinianis
591 3201 699 3259 antem
714 3194 898 3260 tabularum
913 3196 1132 3259 censoriarum
1146 3196 1284 3279 vestigia
1299 3194 1465 3261 Ountzius
1471 3195 1604 3261 invenit.
1636 3212 1751 3277 quam·

418 3325 516 3387 quam
538 3300 730 3383 Sagalasson
738 3301 766 3385 1)
788 3307 923 3385 propter
946 3322 1095 3383 graecam
1122 3302 1258 3367 sormam
1287 3301 1330 3366 ab
1361 3302 1407 3365 eis
1430 3299 1541 3386 procul
1569 3298 1750 3364 habendam

416 3409 533 3475 indico.
664 3412 666 3419 ’

529 3514 642 3579 similis
665 3514 849 3578 commixtio
871 3512 959 3578 facta
982 3521 1031 3578 est
1054 3513 1089 3577 in
1103 3513 1286 3597 Lycaoniae
1306 3510 1522 3594 descriptione
1545 3515 1575 3590 b,
1591 3513 1642 3580 95.
1675 3530 1751 3574 uam

418 3621 493 3687 licet
514 3621 653 3705 priorem
675 3628 800 3703 partem
825 3640 842 3685 0
865 3619 985 3685 tabulis
1007 3620 1160 3684 censoriis
1182 3618 1313 3684 fluxisse
1336 3619 1465 3684 minime
1496 3638 1618 3701 negem,
1642 3623 1751 3682 tamen

418 3728 493 3792 iude
516 3749 536 3791 a
557 3726 664 3792 verbis
686 3726 782 3812 ipsius
797 3723 970 3810 [gramm
992 3726 1035 3791 ad
1058 3724 1157 3790 alium
1180 3732 1344 3790 auctorem
1367 3723 1500 3788 transiri
1524 3722 1612 3787 haud
1627 3723 1693 3787 scio
1709 3742 1751 3786 an

419 3840 504 3899 recte
519 3834 665 3899 sentiam.
702 3854 777 3898 nam
800 3833 982 3914 discrepant
1002 3833 1082 3897 haec
1105 3818 1276 3896 stabulis:
1300 3830 1450 3896 Thebasa
1465 3835 1497 3909 11,
1513 3834 1554 3899 95
1570 3827 1752 3914 Lycaoniae

418 3940 622 4023 adscribitur,
659 3944 695 4003 at
729 3941 842 4016 8141
875 3936 1058 4002 'l'hebaseni
1093 3937 1179 4000 inter
1209 3933 1347 4001 Galatas
1378 3942 1618 4019 percensentur.
1664 3932 1753 4016 quod

418 4055 589 4130 postquam
621 4044 786 4126 cognitum
818 4049 877 4122 est,
910 4043 951 4108 de
973 4042 1085 4107 Iconio
1118 4062 1246 4126 quoque
1276 4043 1373 4107 aliter
1394 4040 1603 4106 iudicandum
1626 4041 1753 4106 videtur

418 4152 511 4218 nobis
533 4158 634 4235 atque
658 4146 842 4229 Ountzioi).
888 4169 962 4214 nam
990 4147 1076 4213 idem
1099 4147 1253 4231 oppidum
1276 4148 1341 4212 iam
1365 4151 1396 4225 5,
1410 4148 1453 4215 93
1468 4153 1752 4212 commemoratum

420 4278 487 4322 0880
514 4279 555 4323 ne
586 4278 658 4321 eum
691 4256 821 4341 quidem
853 4255 946 4339 fugit.
993 4254 1082 4338 quod
1113 4276 1189 4321 vero
1219 4254 1260 4319 de
1293 4253 1420 4319 duobus
1449 4253 1578 4337 oppidis
1610 4253 1753 4319 eiusdem

419 4364 555 4430 nominis
578 4365 709 4447 cogitat,
741 4384 814 4429 cum
845 4363 885 4429 de
917 4362 1020 4428 altero
1051 4362 1147 4446 plane
1175 4363 1223 4428 nil
1254 4363 1405 4443 sciamus,
1436 4382 1553 4445 parum
1584 4360 1752 4445 probatur.

419 4471 530 4554 itaque
552 4471 656 4537 altero
679 4469 748 4535 loco
779 4490 894 4535 nomen
918 4490 938 4534 a
966 4468 1132 4534 laterculis
1164 4470 1317 4535 censoriis
1349 4468 1490 4534 alienum
1521 4466 1643 4548 iudico;
1678 4476 1753 4532 utro

419 4597 494 4641 vero
517 4576 559 4642 ad
582 4596 636 4641 eos
663 4576 810 4641 additum
835 4576 886 4655 sit,
910 4596 1027 4660 parum
1050 4577 1162 4659 liquet.
1209 4583 1319 4642 tamen
1341 4582 1372 4658 5,
1386 4579 1429 4646 93
1452 4576 1517 4642 8118
1539 4595 1668 4659 quoque
1695 4574 1754 4641 ad·

421 4680 601 4747 ditamenta
623 4680 711 4746 iacta
733 4702 802 4747 ease
826 4691 1074 4747 consentaneum
1101 4687 1164 4746 est:
1195 4680 1371 4767 (Seleucia)
1400 4704 1494 4767 supra
1525 4678 1753 4765 0880180011-

421 4788 561 4854 rodnum.
599 4808 665 4870 qua
686 4788 719 4853 in
742 4787 930 4871 quaestione
952 4787 1105 4854 solvenda
1127 4787 1216 4853 haud
1239 4788 1304 4854 scio
1327 4809 1368 4853 an
1384 4788 1581 4873 pronominis
1595 4789 1658 4872 ipse
1676 4810 1754 4854 usus

531 5036 552 5104 ¹)
571 5031 747 5104 Σαγαλασσός
764 5032 872 5087 Artem.
891 5030 908 5085 l.
927 5031 946 5087 l.

530 5124 552 5195 ²)
573 5122 643 5179 1890
660 5139 688 5192 p.
706 5121 767 5177 487.
