4275 6025
1073 669 1116 732 54

426 879 504 947 libri
525 879 768 947 accuratissime
790 879 928 963 inquirit
949 900 1046 963 quem
1069 900 1270 945 communem
1291 877 1379 944 Plini
1401 879 1571 963 Melasque
1599 887 1766 947 auctorem

427 1008 497 1053 esse
520 986 583 1053 sibi
605 986 777 1072 persuasit.
824 983 1001 1051 secundum
1024 1005 1062 1050 ea
1084 992 1193 1050 autem
1216 1005 1300 1069 quae
1321 1006 1421 1068 supra
1435 978 1680 1068 disputavimus,
1704 1007 1765 1071 pro

426 1092 515 1159 Mela
537 1093 606 1160 eius
628 1095 743 1159 auctor
765 1090 873 1155 animo
889 1089 1134 1157 substituendus
1149 1096 1209 1156 est.
1241 1090 1492 1157 examinandum
1507 1097 1557 1158 est
1571 1094 1657 1158 enim
1672 1093 1765 1159 nobis

426 1201 571 1285 possitne
601 1200 655 1265 hic
684 1198 924 1264 commentariis
955 1197 1019 1263 illis
1048 1197 1217 1281 Agrippae
1249 1218 1326 1262 usus
1356 1218 1436 1266 esse.
1492 1200 1765 1283 comparationem

427 1306 528 1389 igitur
551 1306 637 1372 inter
658 1306 780 1373 Melam
803 1304 1012 1389 Pliniumque
1035 1303 1209 1388 diligenter
1232 1300 1408 1369 Schweder
1428 1304 1581 1387 instituit,
1609 1326 1674 1371 non
1696 1306 1765 1371 sine

426 1412 537 1478 fructu
559 1412 698 1497 quidem,
723 1420 832 1479 tamen
855 1434 920 1478 non
943 1412 1092 1477 idoneam
1115 1432 1182 1494 qua
1200 1410 1281 1475 illud
1295 1409 1384 1495 quod
1399 1411 1510 1491 voluit,
1527 1410 1763 1495 comprobaret.

427 1539 504 1584 nam
519 1518 624 1583 Melae
641 1522 671 1599 3,
686 1521 783 1602 susq.
808 1539 881 1584 cum
897 1518 981 1585 Plin.
998 1522 1030 1597 4,
1044 1521 1164 1601 102sq.
1180 1518 1368 1601 composuit,
1392 1517 1571 1581 rectissime
1589 1516 1680 1600 illud,
1706 1538 1766 1583 nec

427 1630 536 1690 tamen
569 1624 652 1689 vidit
682 1622 852 1709 Agrippae
883 1623 1103 1708 fragmentum
1133 1624 1167 1688 in
1197 1622 1286 1688 Plini
1317 1627 1504 1689 contextum
1535 1622 1673 1689 inlatum
1704 1644 1765 1689 nec

426 1730 505 1796 satis
528 1751 601 1795 cum
621 1731 734 1795 vicinis
749 1731 924 1795 enuntiatis
939 1752 1008 1796 esse
1024 1730 1241 1797 coniunctum.
1281 1729 1475 1795 obscuratur
1490 1730 1576 1794 enim
1591 1731 1764 1796 sententia·

426 1857 498 1901 rum
521 1855 661 1901 conexus
683 1836 885 1920 interpositis
907 1836 1077 1919 Agrippae
1098 1834 1258 1900 mensuris
1280 1840 1314 1899 et
1340 1839 1489 1900 contorta
1520 1836 1631 1901 evadit
1660 1837 1764 1902 oratio

427 1945 538 2025 4,103
561 1964 652 2027 snper
673 1964 739 2006 enm
762 1943 833 2006 iaec
854 1942 912 2005 sita
933 1952 976 2005 est
997 1948 1057 2008 etc.
1104 1942 1194 2027 prius
1217 1941 1303 2006 enim
1326 1940 1367 2006 de
1390 1940 1457 2005 situ
1472 1939 1653 2008 Hiberniae
1668 1963 1764 2028 quam

428 2048 469 2114 de
493 2050 650 2115 mensuris
672 2049 772 2115 verba
794 2049 886 2115 fuere
908 2048 1065 2128 faciende,
1089 2049 1118 2113 si
1140 2048 1226 2114 iusto
1248 2046 1362 2113 ordine
1378 2068 1483 2113 sermo
1499 2049 1703 2132 procederet3
1729 2047 1764 2114 id

427 2156 516 2241 quod
540 2155 747 2239 sequentibus
770 2155 900 2222 demum
923 2154 970 2221 fit.
1016 2156 1128 2239 itaque
1158 2154 1212 2220 bic
1234 2154 1406 2239 Agrippea
1435 2175 1456 2219 a
1485 2154 1575 2221 sonte
1606 2157 1765 2222 communi

428 2260 535 2327 aliona
558 2266 643 2328 sunt.
895 2269 900 2277 '

534 2368 568 2432 in
583 2364 713 2433 Siciliae
736 2389 864 2453 quoque
886 2375 920 2434 et
936 2367 1054 2435 Cretae
1074 2368 1289 2453 descriptione
1303 2368 1421 2433 mirum
1435 2367 1470 2431 in
1485 2367 1617 2433 modum
1632 2387 1764 2432 consen·

427 2473 490 2539 tire
512 2471 635 2538 Melam
658 2472 867 2559 Pliniumque
890 2472 1061 2541 Schweder
1083 2474 1178 2539 Beier.
1201 2473 1241 2539 Π
1263 2496 1296 2557 p.
1319 2477 1363 2543 28
1371 2473 1396 2556 ¹)
1420 2474 1561 2557 exponit.
1605 2479 1715 2538 tamen
1737 2473 1765 2538 si

426 2578 616 2665 diligentius
639 2580 781 2647 animum
797 2581 985 2665 adverteris,
1009 2581 1182 2665 apparebit
1196 2580 1359 2664 quomodo
1375 2580 1504 2663 singula
1519 2580 1607 2664 apud
1621 2578 1764 2645 Plinium

428 2686 633 2753 cohaereant
690 2708 729 2753 ac
759 2688 801 2753 de
831 2686 944 2755 Sicilia
975 2690 1083 2773 egitur
1112 2688 1164 2753 his
1194 2688 1286 2754 locis:
1315 2688 1403 2754 Mela
1425 2691 1456 2771 2,
1484 2684 1764 2756 iro-119Plin.

428 2795 614 2870 emo-91.
670 2790 841 2859 Schweder
871 2793 924 2859 hio
953 2794 1060 2860 Melae
1095 2814 1223 2879 quoque
1258 2792 1507 2877 descriptionem
1541 2792 1584 2858 ab
1613 2792 1766 2877 Agrippa

427 2899 564 2983 petitam
587 2920 657 2965 esse
680 2900 934 2968 demonstrabat.
980 2922 1130 2968 numeros
1163 2920 1240 2965 vero
1267 2900 1452 2984 Agrippeos
1486 2899 1528 2965 ab
1563 2919 1601 2964 eo
1632 2898 1765 2964 omissos

428 3011 541 3091 utpote
563 3006 680 3072 harum
702 3029 810 3073 rerum
833 3030 950 3092 parum
973 3010 1106 3076 curioso.
1151 3007 1283 3074 atride
1315 3007 1475 3093 quomodo
1505 3029 1557 3072 res
1587 3026 1701 3070 revera
1731 3025 1766 3069 se

428 3112 558 3181 habeat.
598 3119 687 3179 certa
710 3115 796 3180 enim
818 3116 943 3181 ratione
966 3115 1190 3181 demonstrare
1212 3114 1297 3197 licet,
1324 3114 1494 3199 Agrippea
1515 3113 1623 3180 aliona
1638 3132 1708 3178 esse
1723 3111 1764 3176 ab

428 3218 501 3303 ipsa
537 3218 662 3284 insulae
699 3219 914 3306 descriptione
952 3242 1018 3307 qua
1051 3222 1141 3288 Mela
1174 3220 1366 3306 Pliniusque
1403 3222 1617 3289 consentiunt.
1678 3217 1765 3304 apud

428 3321 573 3389 Plinium
597 3330 708 3392 autem
741 3335 815 3410 post
848 3327 979 3393 nomina
1007 3327 1135 3392 insulae
1163 3326 1205 3391 de
1237 3326 1353 3411 quibus
1382 3347 1482 3412 supra
1506 3349 1538 3411 p.
1563 3329 1606 3395 26
1630 3325 1763 3408 egimus,

430 3430 585 3496 circuitus
601 3431 776 3496 secundum
789 3431 974 3517 Agrippam
985 3431 1157 3498 indicatur.
1182 3438 1352 3515 praeterea
1362 3452 1533 3498 mensurae
1545 3433 1676 3496 exstant
1686 3429 1762 3494 hae:

429 3541 460 3620 3,
478 3540 521 3607 87
545 3538 708 3605 diarmata
729 3560 751 3604 a
766 3537 897 3606 Siciliae
915 3538 1149 3623 promunturiis
1164 3559 1269 3621 usque
1284 3538 1327 3604 ad
1342 3536 1601 3623 Peloponnesum
1616 3534 1766 3600 Africam

429 3642 624 3712 Sardiniam.
671 3666 754 3729 quae
777 3666 798 3712 a
820 3644 928 3711 Plinio
950 3646 1021 3729 ipso
1044 3644 1160 3710 addita
1181 3666 1251 3711 esse
1272 3644 1315 3711 ed
1333 3644 1493 3729 reliquam
1507 3642 1764 3726 descriptionem,

429 3769 496 3834 qua
534 3771 608 3816 cum
645 3749 733 3816 Mela
770 3770 941 3816 consensus
978 3749 1100 3833 existit,
1137 3749 1320 3816 luculenter
1357 3771 1396 3815 eo
1433 3749 1640 3834 cognoscitur
1678 3748 1766 3830 quod

427 3858 642 3941 grammatica
663 3857 790 3924 ratione
812 3876 875 3923 non
894 3865 970 3942 apte
985 3876 1058 3922 cum
1074 3857 1144 3942 ipso
1160 3861 1314 3923 contextu
1329 3857 1500 3923 coniuncta
1514 3861 1604 3921 sunt:
1620 3853 1766 3919 Pelorum

427 3974 547 4026 ematur
581 3964 720 4027 adversus
756 3959 888 4047 Scyllam
920 3984 1039 4046 carpene
1073 3963 1106 4024 in
1141 3960 1277 4035 Italiam,
1313 3961 1492 4047 Pachynum
1524 3963 1558 4025 in
1594 3958 1765 4034 Graeciam,

429 4059 679 4134 Cli-Officii
693 4091 730 4134 eo
745 4070 901 4132 distante
912 4067 1172 4153 Peloponneso,
1185 4067 1368 4153 Lilybaeum
1378 4057 1767 4154 mmmmm

428 4173 622 4238 intervallo
642 4197 662 4237 a
676 4172 837 4237 Mercuri
854 4175 1114 4258 promunturio
1136 4185 1168 4237 et
1186 4197 1206 4237 a
1223 4171 1440 4239 Caralitano
1455 4172 1654 4239 Sardiniae
1673 4171 1768 4238 CXC

429 4302 468 4343 m.
516 4278 574 4346 ubi
596 4301 678 4365 quae
700 4278 841 4346 diductis
856 4279 975 4346 litteris
991 4279 1177 4365 effingenda
1192 4281 1313 4360 curavi,
1336 4302 1453 4365 parum
1468 4281 1633 4348 commode
1646 4303 1766 4365 aequa·

428 4383 591 4452 bilitatem
612 4385 769 4452 sermonis
790 4386 1033 4472 interrumpunt
1041 4384 1078 4467 ²).
1125 4407 1210 4471 quae
1235 4405 1405 4453 mensurae
1434 4408 1456 4453 a
1479 4385 1628 4457 Varrone
1659 4389 1765 4454 aliena

430 4497 514 4558 sunt.
559 4513 636 4558 nam
660 4489 747 4577 hici)
770 4492 899 4559 Italiam
921 4494 1029 4558 minus
1051 4482 1115 4559 ῧῦ
1132 4492 1175 4558 ab
1198 4492 1315 4558 Africa
1338 4494 1458 4561 distare
1489 4493 1609 4564 docuit.
1654 4495 1766 4578 itaque

539 4685 559 4754 1)
579 4684 676 4739 essem
699 4684 758 4741 rm
785 4688 918 4745 traam
943 4689 974 4744 in
996 4663 1104 4758 progr:
1128 4687 1184 4743 aa
1203 4686 1381 4744 ommam
1402 4688 1451 4745 ar
1474 4685 1697 4760 mamaeam
1720 4686 1766 4744 ue

427 4772 689 4933 ἴδοὸηὲρὲπίέξιῖἀα
706 4774 765 4831 mall
783 4775 829 4832 dea
844 4775 957 4834 Plinius
975 4777 1046 4848 (net.
1059 4778 1125 4834 list.
1137 4780 1222 4830 ΙΙΙ-
1232 4775 1281 4849 Vl)
1300 4775 1367 4832 Kiel
1388 4777 1456 4834 1879
1475 4795 1504 4848 p.
1516 4778 1580 4846 leq.
1617 4775 1704 4832 Beitr.
1717 4772 1765 4830 111

538 4950 558 5020 ⁹)
578 4948 653 5004 idem
670 4948 775 5006 indicat
793 4949 995 5007 Oehmicbcnus
1013 4953 1089 5008 Aeta
1106 4953 1201 5009 societ.
1219 4953 1297 5024 Lips.
1316 4952 1366 5009 111
1384 4955 1454 5011 1873
1472 4970 1501 5024 p.
1519 4954 1581 5011 412.

538 5037 558 5106 ³)
577 5036 613 5095 ol.
630 5035 704 5096 Plin.
723 5038 792 5108 3,45
811 5043 840 5094 et
858 5056 942 5110 supra
958 5057 987 5110 p.
1006 5043 1030 5098 9.
