4275 6025
946 666 1159 771 ,117-

380 903 486 945 coum
515 902 643 967 copam
664 900 731 964 eqs.
755 899 796 945 ex
817 876 940 944 Oomm.
960 876 1059 943 Bern.
1082 877 1126 944 ad
1148 878 1229 949 Luc.
1253 882 1283 959 9,
1296 885 1361 950 441
1385 879 1566 948 luculenter
1587 903 1722 966 cognos-

381 988 483 1053 citur:
506 988 633 1073 quidam
654 986 817 1049 diuiserunt
839 985 939 1050 orbam
961 985 994 1048 in
1016 987 1094 1049 duas
1115 996 1226 1072 partes,
1248 997 1283 1049 ut
1310 986 1420 1074 Varro,
1443 990 1477 1051 id
1497 1000 1541 1053 cst
1563 990 1673 1053 Asiam
1694 1001 1723 1054 ct

333 1160 336 1164 Α
382 1092 553 1179 Europam,
577 1092 702 1177 qualium
724 1092 757 1154 in
780 1090 833 1153 tris
850 1089 962 1153 Asiam
980 1090 1141 1176 Europam
1162 1090 1315 1178 Africam,
1338 1104 1372 1155 ut
1386 1092 1571 1168 Aurunca,
1595 1096 1721 1181 quidam

381 1199 416 1261 c'n
439 1209 579 1285 quattuor
600 1199 713 1261 adiecta
732 1197 878 1283 Aepppto,
906 1207 941 1261 ut
965 1196 1173 1263 Timosthenes.
1218 1203 1332 1264 contra
1354 1197 1526 1283 Agrippae
1556 1203 1721 1268 terrarum

382 1304 471 1371 orbis
493 1305 649 1371 dividitur
663 1305 766 1371 tribus
782 1302 974 1371 nominibus.
1009 1302 1250 1375 Varronianam
1264 1311 1374 1372 autem
1390 1306 1578 1371 divisionem
1592 1306 1720 1374 Plinius

382 1411 533 1495 sequitur
547 1411 582 1476 iu
596 1412 746 1477 uniuersa
761 1409 995 1477 distributione.
1020 1411 1087 1477 iam
1102 1411 1175 1477 vids
1190 1412 1369 1497 sequeutia.
1395 1433 1469 1478 cum
1479 1412 1537 1478 ills
1549 1413 1589 1479 de
1600 1434 1720 1481 occano

383 1518 627 1601 prosopopoeia,
652 1537 751 1602 quam
773 1516 815 1581 ad
838 1514 1020 1583 Varronem
1043 1537 1113 1583 esse
1135 1516 1338 1584 referendam
1360 1516 1458 1583 modo
1481 1517 1660 1602 docuimus,
1686 1527 1720 1586 et

380 1622 543 1689 artissime
574 1630 607 1689 et
638 1624 804 1708 aptissime
836 1620 1040 1690 Varroniano
1071 1622 1257 1690 cohaerent:
1290 1624 1456 1710 (oceanus)
1485 1624 1646 1712 Essropam
1674 1628 1722 1691 ccl

380 1731 514 1794 marimo
527 1730 685 1795 neomutus
699 1752 853 1809 monacas,
877 1732 928 1794 scd
948 1731 981 1794 in
996 1742 1136 1816 quadruos
1145 1733 1327 1817 procupuos
1342 1734 1435 1813 sinus,
1459 1754 1588 1818 quorum
1598 1734 1721 1817 primus

380 1856 403 1895 o
423 1832 518 1920 Colpe
533 1835 706 1923 Hispaniae
720 1838 828 1901 murno
845 1881 853 1898 .
871 1882 879 1898 .
897 1886 904 1901 .
927 1848 1024 1900 monte
1038 1834 1162 1921 Locros,
1185 1837 1344 1901 Bruttium
1358 1860 1450 1924 usquc
1459 1839 1718 1924 promunturium,

378 1942 514 2007 inmenso
538 1944 652 2007 ornatu
671 1943 815 2030 flectitur.
861 1944 975 2028 quibus
998 1944 1031 2009 in
1054 1944 1161 2011 verbis
1183 1966 1248 2010 uon
1263 1945 1458 2010 conveniunt
1471 1946 1557 2010 inter
1572 1965 1606 2010 se
1621 1943 1720 2010 Locri

386 2055 418 2113 et
440 2048 608 2115 Bruttium
631 2049 902 2134 promunturium.
949 2070 1024 2117 nam
1046 2049 1108 2116 hcc
1128 2069 1193 2117 non
1216 2049 1378 2116 diversum
1401 2070 1471 2116 esse
1498 2049 1540 2115 ab
1570 2070 1609 2118 eo
1631 2050 1719 2136 quod

384 2154 482 2238 vulgo
497 2153 701 2241 Leucopetra
716 2154 844 2237 dicitur,
861 2156 977 2221 merito
989 2176 1099 2221 omnes
1110 2157 1314 2222 consentiunt
1322 2154 1361 2242 ¹).
1394 2157 1505 2240 itaque
1523 2157 1719 2223 alterutrum

380 2259 498 2326 debuit
520 2263 783 2344 commemorari,
798 2267 856 2327 aut
878 2260 1034 2346 oppidum
1056 2266 1116 2328 aut
1137 2263 1409 2348 promunturium.
1454 2262 1582 2329 Plinius
1608 2268 1719 2329 autem

380 2366 507 2431 rariore
529 2370 658 2435 nomine
680 2390 851 2455 perperam
873 2373 1005 2453 accepto
1028 2368 1062 2434 id
1088 2369 1171 2435 salso
1203 2390 1275 2435 cum
1298 2367 1413 2436 Locris
1442 2368 1598 2436 confudit
1644 2391 1719 2436 con·

384 2472 606 2539 taminationis
618 2474 728 2559 igitur,
745 2476 829 2541 sicut
840 2475 906 2541 ism
922 2496 1029 2559 supra,
1047 2476 1206 2541 cernimus
1221 2477 1365 2560 vestigia.
1389 2476 1507 2561 quodsi
1522 2476 1719 2560 quaesiveris

381 2582 458 2643 utra
480 2581 570 2646 notio
587 2580 794 2649 Varroniana
816 2582 868 2664 sit,
892 2580 988 2647 facile
1009 2581 1269 2666 respondebitur.
1314 2604 1392 2649 nam
1415 2589 1448 2649 et
1465 2587 1494 2663 3,
1509 2586 1552 2653 74
1575 2589 1609 2648 et
1631 2586 1661 2662 3,
1676 2586 1719 2653 96

382 2686 480 2769 primi
504 2688 592 2753 sinus
615 2687 689 2755 finis
713 2687 826 2755 Locris
851 2688 971 2755 diserte
993 2690 1211 2769 constituitur,
1242 2689 1396 2758 hocloco
1426 2690 1537 2757 addito
1560 2689 1719 2758 Varronis

380 2793 520 2857 nomine.
566 2814 657 2860 error
679 2816 756 2861 vero
778 2794 864 2859 Plini
887 2794 1048 2877 quomodo
1074 2795 1163 2861 nasci
1192 2796 1347 2879 potuerit,
1377 2797 1545 2881 perspicue
1571 2801 1718 2881 apparet.

381 2898 468 2965 alius
493 2900 576 2966 enim
599 2900 732 2983 quidam
755 2907 880 2981 auctor,
904 2922 1002 2985 quem
1017 2901 1200 2985 Agrippam
1223 2899 1324 2967 fuisse
1346 2902 1520 2968 conieceris
1543 2902 1719 2969 secundum

379 3025 421 3071 es
444 3027 527 3091 quae
551 3006 592 3073 de
614 3009 646 3085 3,
659 3009 753 3093 ecsq.
787 3006 885 3092 paulo
907 3013 980 3093 post
996 3005 1245 3093 disputabimus,
1268 3005 1325 3073 illo
1339 3008 1565 3092 promunturio
1580 3008 1719 3076 alterum

382 3110 500 3180 Italiae
522 3113 610 3180 latus
639 3115 770 3198 ¹ridetur
800 3115 1001 3184 terminasse.
1046 3115 1158 3198 itaque
1188 3134 1261 3180 cum
1284 3113 1392 3182 Varro
1423 3115 1511 3181 idem
1540 3136 1644 3200 usque
1675 3115 1718 3180 ad

377 3216 504 3285 Locros
526 3220 742 3305 produxisset,
767 3221 894 3288 Plinius
918 3220 982 3288 duo
1005 3221 1076 3288 loca
1098 3219 1254 3305 confudit,
1278 3242 1316 3288 eo
1338 3223 1491 3289 nimirum
1513 3222 1655 3304 consilio,
1680 3227 1719 3289 ut

379 3325 521 3392 duorum
544 3333 714 3394 auctorum
737 3327 916 3395 doctrinam
940 3327 1107 3395 conflaret.

468 3434 580 3500 finitur
601 3435 724 3521 primus
740 3436 829 3502 sinus
842 3433 959 3502 Locris
982 3439 1013 3518 3,
1027 3439 1081 3505 74.
1116 3436 1265 3519 sequitur
1278 3434 1370 3502 frons
1386 3434 1515 3518 Italiae,
1539 3435 1571 3507 h.
1595 3456 1623 3503 e.
1639 3455 1718 3519 pars

376 3559 456 3604 orae
471 3544 622 3624 apertum
637 3561 727 3606 mare
739 3538 934 3626 spectaus2),
953 3561 1037 3625 quae
1057 3541 1254 3607 describitur
1269 3541 1453 3608 intermissa
1467 3542 1607 3607 marium
1625 3547 1658 3606 et
1668 3541 1717 3607 iu·

377 3643 527 3711 sularum
550 3647 799 3712 enumeratione.
837 3645 898 3712 bas
920 3667 942 3712 a
958 3647 1062 3713 Plinio
1085 3647 1155 3732 ipso
1177 3647 1316 3714 deorse
1338 3647 1553 3731 descriptione
1577 3647 1717 3712 divulsas

377 3771 450 3816 esse
473 3773 573 3837 supra
595 3739 895 3832 demonstrauimus,
919 3751 959 3818 de
981 3753 1127 3820 maribus
1150 3759 1264 3838 postea
1285 3754 1477 3821 videbimus.
1516 3753 1572 3818 sed
1595 3753 1629 3817 in
1644 3753 1717 3837 ipsa

379 3854 496 3924 frontis
523 3858 738 3944 descriptione
765 3865 816 3925 est
848 3859 935 3944 quod
967 3859 1110 3926 haereas.
1156 3861 1308 3945 leguntur
1340 3860 1426 3926 enim
1449 3863 1480 3943 3,
1494 3862 1537 3929 95
1568 3858 1663 3924 haec:
1696 3882 1717 3921 a

377 3961 488 4027 Locris
510 3963 619 4029 ltaliae
634 3963 724 4051 from
746 3964 852 4050 incipit
868 3964 989 4050 Mopna
1008 3962 1137 4030 &occia
1161 3967 1326 4052 appellata,
1348 3968 1382 4029 in
1404 3966 1458 4029 tris
1479 3965 1561 4027 anus
1583 3965 1717 4029 rcccdcns

380 4061 508 4134 Ausonii
529 4072 632 4151 masis,
659 4073 742 4156 quod
762 4071 898 4136 Ausones
923 4083 1039 4138 tonuere
1056 4073 1164 4157 prinu.
1223 4083 1306 4159 putot
1339 4059 1541 4135 ΠΠῙἾ
1561 4082 1594 4134 ut
1616 4081 1718 4134 amur

375 4186 421 4238 ost
450 4176 556 4258 Varro,
576 4178 714 4263 pbripsc
736 4167 882 4241 FXX‘V
891 4177 999 4264 secus.
1046 4177 1187 4245 frontem
1210 4178 1327 4245 Italiae
1350 4184 1509 4262 quantum
1532 4174 1642 4244 Varro
1669 4177 1717 4242 iu-

378 4281 550 4366 tellexerit,
572 4284 643 4369 ipso
666 4305 799 4351 numero
814 4284 1008 4352 declaratur.
1046 4306 1123 4350 nam
1146 4286 1234 4352 ultra
1248 4284 1418 4352 Lacinium
1437 4285 1496 4350 ille
1518 4271 1717 4353 m

377 4387 476 4454 nullo*
490 4389 585 4455 modo
608 4390 788 4474 procedunt
810 4394 844 4458 et
870 4391 974 4458 multo
1002 4391 1108 4458 minus
1127 4383 1272 4460 'L‘XX‘V
1303 4392 1423 4477 quibus
1457 4392 1544 4459 idem
1576 4391 1716 4489 spatium

487 4600 509 4667 1)
529 4601 564 4656 cl.
583 4599 698 4672 Hiilseu,
716 4599 956 4670 Pauly-wissowa
973 4600 1006 4656 Π
1025 4603 1086 4660 911.

487 4688 507 4758 ²)
527 4687 600 4744 banc
617 4691 758 4746 notionem
776 4691 877 4746 frontis
896 4692 1064 4747 contrariam
1083 4692 1146 4747 soci
1164 4691 1239 4747 sinus
1260 4689 1463 4746 Varroniansm
1481 4706 1541 4745 esse
1559 4689 1717 4744 luculenter

378 4772 589 4831 demonstratur
606 4782 635 4831 et
655 4780 680 4846 3,
690 4779 725 4834 95
739 4782 768 4832 st
786 4781 813 4846 4,
824 4781 885 4848 116,
904 4778 1002 4848 quibus
1021 4779 1091 4833 locis
1102 4779 1192 4835 Varro
1210 4779 1271 4849 ipse
1287 4779 1425 4849 laudatur,
1444 4778 1493 4833 sed
1511 4778 1608 4833 eadem
1620 4776 1717 4832 subest

375 4864 466 4930 4,113
486 4865 544 4936 (qui
561 4867 639 4922 locus
657 4885 720 4924 cum
738 4870 827 4934 4,116
845 4873 906 4924 arte
924 4886 1043 4925 conexus
1061 4871 1122 4938 est).
1154 4871 1179 4937 6,
1190 4871 1233 4926 59.
1247 4867 1307 4925 199.
1336 4866 1371 4923 cl.
1394 4868 1479 4923 etism
1497 4866 1572 4923 llela
1591 4870 1615 4933 1,
1625 4868 1652 4923 9.
1672 4868 1715 4924 14.

380 4953 421 5011 16.
441 4955 484 5012 67.
503 4955 546 5011 87.
566 4958 591 5021 3,
602 4958 626 5013 3.
645 4957 689 5015 79.
710 4955 771 5014 100.
789 4957 835 5012 hic
853 4957 937 5014 etiam
954 4958 1026 5014 Plin.
1045 4958 1072 5027 3,
1081 4958 1116 5015 69
1135 4957 1345 5014 commemorari
1362 4960 1462 5027 potest,
1486 4955 1621 5024 siquidem
1639 4958 1715 5009 recte

377 5059 452 5097 nunc
470 5043 559 5099 edidit
576 5043 755 5101 Detlelseuus
773 5061 797 5118 o,
809 5062 861 5116 quo
878 5045 972 5117 fronte
990 5045 1102 5103 Sicilicc
1118 5048 1149 5118 (a
1165 5063 1220 5118 quc
1237 5045 1276 5102 Ε*
1293 5046 1342 5119 R).
