4275 6025
1052 708 1117 772 134

411 938 587 1003 congruere
599 939 671 985 oum
683 917 832 988 Varrone
844 924 877 985 et
892 917 1023 985 differre
1035 940 1056 985 a
1068 917 1187 989 Verrio
1195 920 1234 1004 ¹).
1258 920 1421 1003 itaqueut
1433 922 1488 1001 28,
1501 917 1753 989 therriauam

411 1031 524 1111 patere
555 1023 743 1108 doctrinam,
770 1025 818 1091 ita
845 1027 875 1106 3,
889 1028 931 1096 65
959 1023 1198 1094 Varronianam
1227 1024 1380 1110 indioo').
1434 1025 1559 1091 aooedit
1592 1027 1681 1110 quod
1711 1047 1752 1091 ne

411 1132 544 1198 minimo
574 1133 705 1216 quidem
734 1132 851 1199 indicio
882 1133 1066 1199 ostenditur
1096 1132 1139 1198 ad
1165 1133 1266 1198 alium
1287 1132 1411 1198 fontem
1437 1132 1580 1214 transiri,
1605 1129 1640 1196 id
1662 1132 1751 1216 quod

412 1237 622 1321 sequentibus
643 1236 749 1303 verbis
772 1243 885 1322 aperte
907 1236 957 1303 fit:
982 1261 1043 1302 που
1066 1238 1198 1302 alanum
1220 1240 1336 1302 υίιίααν
1356 1239 1492 1304 irrorare.
1539 1238 1594 1303 ubi
1613 1259 1698 1322 quae
1712 1239 1752 1305 de

412 1343 591 1428 Angerona
619 1344 815 1422 inseruntur,
849 1365 888 1410 ea
919 1344 1028 1429 aliquo
1060 1343 1156 1411 modo
1182 1349 1318 1428 possunt
1349 1345 1530 1428 eomparsri
1552 1364 1626 1409 oum
1648 1343 1751 1415 Maor.

412 1454 473 1514 sat.
498 1450 529 1528 3,
553 1449 630 1528 9,4,
655 1446 773 1513 ubido
796 1448 857 1514 deo
888 1449 922 1513 in
948 1450 1040 1515 ouius
1072 1448 1178 1514 181818
1206 1447 1284 1513 urbs
1307 1447 1488 1529 11888811,
1513 1449 1602 1516 hisee
1624 1451 1750 1535 agitur:

412 1555 467 1618 olii
488 1556 567 1619 enim
584 1554 685 1619 Iovem
707 1556 909 1637 erediderunt,
933 1556 988 1619 otii
1003 1554 1142 1634 Lunam,
1166 1556 1303 1639 8881ραὶ
1318 1555 1548 1643 Απραουαυτῧ)
1567 1579 1644 1641 quoe
1659 1559 1751 1643 dipito

413 1662 454 1725 ad
483 1684 515 1725 os
545 1664 666 1726 admoto
694 1662 844 1725 8118811888
873 1664 1119 1746 (1888888888.
1167 1660 1287 1729 Verrio
1318 1662 1345 1726 si
1368 1662 1447 1727 haee
1469 1668 1557 1729 reete
1579 1663 1752 1731 tribuimus

416 1806 454 1817 -
480 1767 520 1837 81.
536 1769 738 1853 potissimum
755 1771 784 1849 3,
797 1772 828 1847 9,
841 1771 861 1838 2
879 1806 930 1851 -,
947 1767 1109 1837 Verriana
1128 1769 1228 1834 etiam
1242 1769 1276 1833 in
1290 1768 1348 1833 illo
1364 1769 1586 1853 supplemento
1601 1769 1753 1836 Pliniano

413 1876 515 1942 latere
537 1872 701 1940 oonoedes.
749 1893 823 1939 nam
846 1873 933 1956 quod
948 1873 1072 1939 Plinius
1096 1874 1183 1940 diem
1198 1872 1318 1939 festum
1333 1874 1401 1939 eins
1417 1872 1497 1939 deae
1512 1884 1751 1956 commemorat,

413 1982 567 2048 omissum
596 1980 631 2044 in
665 1978 754 2046 brevi
792 1978 939 2045 Maerobi
975 1978 1205 2063 disputatione,
1240 2001 1326 2064 quae
1361 2000 1403 2045 ne
1440 2002 1481 2046 ex
1513 1982 1583 2065 ipso
1621 1979 1754 2065 quidem

414 2088 532 2157 Verrio
564 2092 694 2171 sumpta
724 2091 788 2153 est:
820 2086 906 2169 apud
941 2085 1094 2154 Verrium
1122 2088 1280 2153 fastorum
1311 2094 1475 2153 auctorem
1507 2109 1581 2153 eum
1616 2088 1753 2153 inveniri

413 2195 556 2281 potuisse
571 2193 702 2259 minime
717 2191 759 2259 ab
775 2194 842 2259 veri
860 2192 1072 2259 similitudine
1088 2194 1253 2261 abhorret.
1286 2193 1440 2264 Verrium
1456 2200 1566 2261 autem
1580 2196 1615 2260 in
1629 2194 1715 2261 libro
1731 2196 1750 2263 3

414 2300 595 2369 adhibitum
618 2320 687 2367 esse
710 2299 816 2366 indice
839 2300 1078 2384 comprobatur.
1125 2300 1253 2366 Plinius
1268 2301 1368 2386 igitur
1382 2307 1557 2385 postquam
1573 2322 1591 2368 e
1606 2300 1754 2371 Varrone

414 2429 472 2475 suo
496 2408 536 2474 de
559 2406 663 2473 altero
686 2408 814 2473 nomine
837 2407 976 2491 scripsit,
999 2408 1145 2492 inspecto
1160 2407 1278 2476 Verrio
1297 2409 1332 2473 in
1347 2408 1460 2475 eadem
1476 2410 1613 2474 materia
1627 2415 1753 2475 versato

414 2536 454 2582 ex
485 2514 546 2582 hoo
577 2514 837 2599 supplementum
868 2514 1032 2599 quoddam
1063 2514 1178 2599 petivit
1210 2536 1270 2580 888
1299 2520 1408 2581 tamen
1439 2537 1477 2581 ee
1508 2536 1592 2600 quae
1622 2516 1755 2599 priusa

414 2620 564 2691 Varrone
589 2628 769 2707 aooeperat,
794 2628 852 2689 881
875 2621 994 2688 abiecit
1017 2629 1076 2687 aut
1097 2622 1288 2689 immutavit.

525 2730 642 2797 deinde
674 2731 767 2797 initio
798 2730 817 2818 ᾗ
842 2734 884 2801 66
915 2729 972 2796 ubi
1003 2730 1042 2796 de
1074 2731 1178 2815 portis
1207 2731 1315 2812 agitur
1342 2729 1384 2795 ad
1416 2730 1599 2797 Varronem
1628 2729 1755 2795 videtur

414 2836 527 2903 rediri:
546 2838 586 2907 81.
603 2838 691 2904 Fest.
706 2840 798 2907 2748
810 2839 840 2917 2,
859 2858 924 2922 quo
939 2838 1011 2904 loeo
1034 2857 1108 2903 eum
1130 2837 1164 2903 in
1187 2837 1453 2921 Antiquitatibus
1475 2838 1516 2902 de
1541 2838 1645 2922 portis
1667 2836 1754 2901 urbis

414 2942 539 3011 Romae
569 2945 673 3029 egisse
704 2943 942 3030 comprobatur,
974 2944 1015 3014 81.
1042 2943 1168 3010 Ρ88188
1195 2943 1328 3026 Mirsoh,
1356 2943 1468 3030 Leipz.
1492 2942 1585 3008 Stud.
1611 2942 1644 3011 V
1667 2945 1754 3014 1882

414 3072 446 3134 p.
472 3055 591 3136 101sq.
616 3053 673 3135 qui
696 3073 761 3118 non
784 3053 853 3118 sine
875 3052 1107 3137 probabilitate
1130 3073 1353 3138 quaecumque
1376 3054 1414 3118 de
1436 3053 1541 3137 portis
1560 3050 1652 3118 urbis
1667 3051 1754 3134 apud

415 3156 550 3231 Festum
573 3156 737 3240 leguntur,
754 3157 896 3228 Varroni
919 3157 1101 3241 adscripsit.
1148 3160 1219 3223 iure
1241 3156 1327 3223 idem
1350 3181 1381 3242 p.
1406 3162 1470 3228 105
1495 3158 1633 3223 eontulit
1654 3155 1753 3226 Varr.

416 3263 493 3345 ling.
517 3266 549 3346 5,
567 3267 642 3333 163.

527 3375 597 3435 tum
618 3376 692 3454 post
714 3374 788 3436 eota
810 3370 955 3436 censoria
976 3369 1138 3454 exscripta
1153 3369 1194 3436 de
1209 3390 1328 3454 aggere
1343 3368 1502 3454 Tarquini
1517 3368 1656 3454 Superbi
1671 3391 1755 3453 quae

416 3477 446 3552 3,
461 3475 503 3545 67
526 3473 746 3559 proferuntur,
779 3478 899 3562 optime
922 3483 1105 3561 congruunt
1127 3498 1202 3545 oum
1224 3476 1322 3544 Dion.
1345 3477 1435 3543 arch.
1462 3483 1493 3558 4,
1519 3480 1605 3559 54,2
1631 3473 1650 3542 ό
1677 3483 1756 3562 Tap

416 3578 571 3658 κόνιος..
591 3589 647 3668 τῆς
676 3579 802 3660 πόλεως
831 3582 872 3647 τὰ
903 3582 986 3669 πρός
1010 3589 1033 3646 Ι
1033 3586 1146 3666 αβίους
1168 3588 1307 3668 φέροντα
1329 3584 1386 3647 τοῦ
1417 3580 1591 3667 περιβόλου
1616 3582 1670 3648 ere
1695 3604 1756 3648 πο-

415 3687 578 3774 λυχειρίας
597 3685 795 3776 ἐξωχυροῦτο
817 3685 942 3777 τάφρον
965 3685 1157 3776 ὀρυξάμενος
1178 3686 1348 3774 εὐρυτέραν
1376 3689 1430 3753 καὶ
1460 3700 1566 3771 τεῖχος
1593 3685 1756 3776 ἀνεγείρας

415 3789 616 3881 ὑψηλότερον
635 3797 690 3860 καὶ
713 3793 851 3883 πόρνοις
877 3794 1039 3879 διαλαβών
1068 3795 1106 3861 τό
1138 3799 1255 3880 χωρίον
1284 3800 1500 3880 πυκνοτέροις.
1545 3796 1630 3861 κατὰ
1661 3797 1756 3862 τοῦτο

415 3900 476 3986 γὰρ
500 3898 602 3967 έόόκει
625 3899 768 3984 μάλιστα
790 3899 827 3966 τὸ
851 3905 947 3985 μέρος
969 3896 988 3986 ἡ
1011 3898 1110 3976 πόλις
1132 3895 1289 3984 ἀνόχορος
1310 3892 1403 3972 εἶναι,
1434 3897 1543 3965 πάντα
1572 3901 1629 3968 τόν
1658 3898 1757 3966 ἄλλον

416 4009 586 4094 περίβολον
609 4004 759 4097 αόφαλὴς
781 4006 929 4085 ἐπιεικῶς
950 3998 1030 4072 οόοα
1053 4007 1108 4071 καί
1128 4005 1348 4093 όυσπρόςιτος.
1387 4006 1444 4072 ubi
1466 4006 1507 4071 τοί
1522 4007 1608 4092 πρός
1624 4011 1757 4093 Γαβίους

416 4119 555 4200 φέροντα
579 4116 708 4201 egregie
734 4113 778 4180 ad
811 4114 968 4180 orientem
991 4112 1109 4199 (Pliu.)
1139 4113 1298 4183 convenit.
1344 4111 1430 4179 unde
1461 4113 1658 4180 88Μ118888
1688 4112 1709 4179 l.
1733 4112 1755 4177 l.

417 4244 449 4305 p.
473 4220 713 4292 2748881888
737 4220 920 4289 Varronem
943 4219 1071 4286 videtur
1092 4221 1267 4287 rettulisse

530 4328 628 4394 simili
657 4335 753 4414 atque
777 4332 807 4410 3,
822 4331 864 4398 65
896 4326 1036 4394 formula
1058 4327 1186 4394 Plinius
1216 4328 1251 4393 18
1282 4327 1346 4393 8118
1376 4346 1505 4412 quoque
1533 4326 1756 4392 additamento

418 4433 523 4498 utitur
546 4436 664 4516 3,136.
703 4433 760 4501 ubi
783 4435 917 4500 titulum
939 4434 974 4499 in
995 4432 1150 4499 honorem
1173 4433 1319 4518 Augusti
1333 4434 1475 4518 positum
1489 4429 1583 4497 video
1598 4431 1757 4516 quosdam

527 4646 549 4717 ¹)
568 4644 664 4714 Lydus
681 4661 767 4700 meus.
785 4647 812 4717 1,
822 4646 857 4702 73
875 4663 903 4716 p.
917 4646 969 4700 125
982 4645 1027 4701 W.
1046 4644 1122 4699 unde
1140 4661 1190 4699 sua
1203 4645 1239 4700 de
1251 4643 1340 4698 tribus
1353 4643 1429 4698 urbis
1441 4642 1597 4698 nominibus
1609 4642 1758 4712 sumpserit

417 4734 519 4790 neseio.
556 4739 631 4790 88818
649 4735 798 4790 recentiori
815 4734 925 4790 ouidam
938 4735 1096 4803 antiquario
1109 4734 1225 4789 debetur
1236 4734 1350 4788 tertium
1363 4749 1471 4799 nomen,
1484 4732 1533 4800 qui
1546 4731 1633 4786 altaro
1646 4729 1757 4784 nomine

417 4842 434 4880 8
453 4825 557 4880 Sorano
576 4823 754 4894 promulgato
772 4822 887 4878 tertium
905 4822 1045 4891 quoddam
1064 4822 1172 4877 8888818
1191 4821 1373 4891 religionibus
1391 4819 1556 4876 serrandum
1579 4819 1757 4889 excogitavit,

417 4931 452 4969 88
471 4914 569 4984 genius
587 4913 665 4968 urbis
684 4915 855 4967 evocaretur.

528 5003 550 5073 ἱ)
570 5001 638 5056 item
656 5001 772 5056 Miinzer
789 5000 894 5057 iudiost
912 4999 967 5058 1.1.
987 5017 1012 5070 p.
1032 5001 1093 5058 308.

529 5091 549 5162 1)
569 5088 604 5145 (18
623 5091 789 5160 Angeronss
806 5089 917 5144 nomine
930 5087 1060 5144 Verrium
1078 5088 1168 5159 egisse
1185 5091 1305 5142 18818188
1316 5085 1403 5142 Mser.
1422 5084 1594 5155 881.1,10,7
1609 5082 1758 5155 (888881).
