4275 6025
1015 671 1055 734 31

470 877 894 964 acSchwederquidem1)
925 901 1036 946 omnes
1065 880 1133 947 fere
1163 900 1295 964 graecos
1325 887 1474 948 auctores
1502 881 1610 948 Plinio
1639 901 1704 947 non

366 986 454 1070 ipsos
477 991 608 1070 praesto
630 984 732 1051 fuisse
755 992 876 1064 censet,
899 987 957 1052 sed
980 988 1045 1052 iam
1068 988 1255 1054 coniunctos
1277 986 1378 1053 inisse
1400 989 1433 1054 in
1456 988 1551 1054 unico
1573 987 1631 1053 illo
1646 988 1704 1072 qni

367 1113 545 1178 numquam
568 1091 632 1158 init
655 1091 744 1158 fonte
767 1091 927 1159 Romano:
952 1092 1072 1159 multos
1095 1115 1136 1159 ex
1158 1094 1205 1159 eis
1219 1092 1364 1159 Plinium
1387 1093 1585 1161 exsortibus
1600 1099 1705 1160 hans·

366 1198 480 1265 tulisse
503 1198 598 1264 facile
621 1196 772 1266 concedo.
818 1219 883 1281 quo
906 1199 941 1263 in
963 1219 1097 1264 numero
1120 1199 1278 1283 imprimis
1302 1220 1355 1266 eos
1375 1220 1445 1266 esse
1460 1200 1627 1285 probabile
1643 1207 1702 1281 est,

367 1305 425 1390 qui
447 1305 479 1370 in
502 1305 560 1371 illo
584 1305 730 1389 catalogo
752 1303 795 1371 ad
825 1306 979 1389 temporis
1011 1306 1157 1372 ordinem
1187 1306 1362 1390 composito
1392 1305 1578 1389 laudantur,
1609 1327 1702 1392 prae·

367 1413 478 1477 sertim
501 1431 573 1477 oum
595 1412 741 1478 nonnulli
765 1413 873 1479 exeis
903 1414 937 1478 in
968 1414 1040 1498 ipso
1070 1419 1224 1479 contextu
1250 1412 1406 1478 librorum
1430 1416 1517 1483 3-6
1546 1435 1703 1498 nusquam

367 1518 516 1588 citantur.
561 1519 621 1584 hos
645 1519 745 1601 igitur
767 1519 878 1584 statim
901 1518 943 1584 ab
971 1519 1065 1585 initio
1093 1540 1247 1604 seponere
1277 1518 1366 1585 licet:
1402 1519 1472 1584 dico
1494 1519 1702 1586 Hellanicum

365 1622 544 1691 Damasten
567 1625 803 1693 Dicaearchum
835 1626 1003 1694 Oratctem
1031 1665 1077 1676 —
1108 1648 1185 1692 nam
1207 1631 1239 1706 4,
1253 1630 1296 1697 58
1319 1647 1361 1692 ex
1378 1625 1488 1692 libello
1517 1626 1559 1692 de
1589 1627 1702 1692 insulis

364 1731 432 1798 eius
464 1752 579 1798 nomen
610 1731 706 1798 fluxit
736 1771 778 1782 -—
806 1731 1033 1817 Hipparchum
1063 1731 1256 1798 Panaetium
1284 1728 1504 1816 Serapionem.
1550 1753 1632 1817 quos
1664 1753 1702 1798 eo

363 1838 467 1922 magis
489 1839 542 1905 hic
565 1839 736 1924 neglegere
758 1860 938 1924 possumus,
963 1838 1051 1924 quod
1073 1838 1244 1905 nonnullos
1266 1859 1307 1904 ex
1330 1839 1377 1903 eis
1407 1877 1452 1888 —
1473 1838 1712 1924 Hipparchum

363 1942 435 2010 dico
458 1949 492 2009 et
505 1944 699 2010 Panaetium
724 1983 766 1994 -
790 1943 1038 2010 mathematicae
1060 1945 1169 2027 potius
1191 1943 1410 2029 geographiae
1425 1964 1557 2029 operam
1573 1943 1701 2011 dedisse

365 2051 494 2131 scimus,
519 2071 617 2134 quam
641 2051 904 2134 chorographiae.
949 2049 1006 2114 sed
1030 2049 1071 2114 de
1093 2049 1226 2133 reliquis
1249 2051 1316 2116 iam
1338 2072 1479 2133 agamus.

469 2164 568 2240 atque
591 2158 758 2222 exordium
781 2158 935 2222 sumimus
958 2157 1075 2222 merito
1098 2179 1119 2222 a
1141 2177 1266 2222 summo
1288 2158 1389 2224 totius
1403 2158 1609 2241 antiquitatis
1623 2178 1700 2242 geo·

365 2262 500 2348 grapho,
523 2261 565 2328 ab
581 2263 860 2345 Eratosthene,
884 2263 941 2347 qui
964 2269 1072 2329 exstat
1084 2263 1171 2328 inter
1187 2269 1334 2330 auctores
1349 2264 1507 2331 librorum
1523 2267 1552 2334 2.
1570 2270 1602 2333 4.
1619 2270 1651 2335 5.
1667 2268 1699 2336 6.

366 2371 418 2436 12.
448 2370 501 2437 22.
548 2389 621 2434 eum
651 2389 715 2434 non
744 2389 764 2433 a
792 2367 900 2434 Plinio
927 2368 1033 2452 ipsum
1064 2368 1182 2433 lectum
1220 2387 1289 2432 esse
1320 2374 1431 2434 censet
1462 2370 1506 2439 H.
1530 2371 1699 2459 Berger¹).

364 2473 454 2556 qnod
476 2474 632 2540 iudicium
649 2494 746 2557 quam
762 2496 872 2540 verum
888 2475 939 2554 sit,
963 2475 1014 2542 rel
1037 2474 1114 2540 inde
1129 2474 1334 2558 cognoscitur
1349 2474 1436 2557 quod
1450 2476 1536 2542 inter
1551 2482 1700 2544 auctores

363 2583 455 2647 tertii
477 2581 564 2666 libri,
597 2583 745 2666 quamvis
775 2583 809 2648 in
838 2583 909 2668 ipso
937 2582 1090 2648 laudetur
1113 2585 1143 2663 3,
1157 2585 1210 2666 76,
1243 2581 1473 2649 Eratosthenis
1499 2603 1616 2648 nomen
1646 2583 1700 2649 de·

361 2687 533 2755 sideratur.
580 2710 644 2772 quo
667 2690 739 2756 loco
761 2691 829 2755 eius
854 2688 1033 2756 doctrinam
1048 2709 1107 2774 per
1126 2690 1306 2757 Varronem
1328 2689 1371 2755 ad
1388 2689 1530 2755 Plinium
1553 2710 1699 2756 manasse

361 2793 572 2861 Detlefsenus
596 2794 874 2883 demonstravitl).
921 2796 1033 2863 eodem
1056 2797 1126 2862 rivo
1149 2817 1188 2862 ea
1209 2795 1337 2881 perlata
1360 2803 1410 2862 eet
1425 2799 1455 2876 6,
1470 2799 1505 2865 3:
1529 2818 1700 2860 mensuram

361 2903 455 2966 Ponti
477 2901 654 2988 aBosporo
677 2906 720 2967 ad
733 2905 901 2968 Maeotiam
924 2904 1021 2966 laeam
1044 2905 1170 2988 quidam
1182 2902 1281 2989 secere
1296 2893 1407 2991 <Zilil
1425 2893 1698 2986 XXXVHffl),

361 3007 573 3075 &auctiones
599 2999 628 3075 C
653 3014 807 3080 minorem.
860 3032 936 3077 nam
968 3016 998 3092 4,
1024 3014 1067 3081 78
1100 3009 1242 3079 Varroni
1273 3031 1426 3078 mensura
1457 3010 1698 3079 Eratosthenes

360 3114 525 3181 tribuitur.
573 3115 613 3183 cf.
638 3117 736 3182 etiam
760 3122 791 3197 4,
806 3119 848 3186 77
880 3116 977 3179 Varro
999 3115 1109 3200 atsere
1131 3126 1245 3181 oetam

466 3222 580 3288 deinde
603 3244 677 3290 cum
700 3224 857 3308 periegesi
880 3228 950 3289 arte
973 3244 1095 3289 conexa
1117 3229 1193 3288 suut
1216 3221 1454 3289 Eratosthenes
1476 3222 1527 3289 his
1549 3224 1641 3290 locis:

465 3332 496 3410 5,
510 3332 552 3399 39
583 3329 795 3393 Bramstlnnes
823 3351 844 3391 a
878 3326 1000 3414 Cyrenis
1027 3328 1250 3393 Aiaeandriorn
1282 3330 1413 3391 terrestri
1441 3331 1545 3395 itinere
1570 3321 1704 3395 W

355 3436 471 3519 prodit.
517 3439 588 3501 tum
611 3441 782 3521 postquam
806 3435 977 3519 Agrippae
999 3433 1216 3519 fragmentum
1240 3432 1282 3499 ab
1306 3434 1352 3499 eie
1374 3434 1516 3502 alianum
1538 3438 1694 3503 insertum

361 3547 421 3621 est,
454 3543 613 3627 pergitur:
645 3544 791 3629 Polybius
813 3553 840 3607 et
862 3541 1074 3606 Eratosthenes
1095 3541 1315 3625 diligentissimi
1337 3542 1498 3606 antimosi
1520 3543 1558 3606 ab
1589 3564 1697 3607 meana

360 3651 402 3713 ed
428 3647 637 3733 Carthaginem
664 3672 807 3734 magnam
829 3641 944 3735 121115),
978 3649 1016 3711 ab
1039 3670 1075 3713 ea
1099 3646 1262 3734 Canopum,
1294 3645 1364 3711 Nili
1384 3650 1558 3732 nmmum
1580 3650 1695 3721 ostium,

358 3746 463 3844 [XVJJ
486 3754 695 3821 XXXVIII.
740 3756 821 3821 haec
843 3778 907 3821 nou
930 3776 970 3821 ex
991 3756 1071 3840 ipsis
1094 3754 1281 3821 auctoribus
1308 3759 1439 3837 sumpta
1465 3774 1536 3819 esse
1562 3759 1696 3837 propter

359 3861 416 3928 illa
439 3862 659 3947 diiipentissime
683 3861 843 3925 sentinari
866 3860 1105 3929 Oehmiehcnus
1132 3860 1325 3946 cognovit0).
1372 3866 1481 3924 tamen
1512 3857 1599 3941 quod
1630 3878 1696 3923 una

359 3987 432 4033 aum
454 3968 665 4053 sequentibus
689 3968 846 4034 mensuris
868 3967 999 4034 Isidoro
1021 3965 1189 4050 adscribit,
1218 3986 1333 4050 parum
1355 3966 1524 4049 probatur.
1569 3982 1644 4027 nam
1666 3963 1696 4028 is

358 4073 544 4158 diligentius
567 4074 748 4158 significato
775 4074 849 4159 fine,
881 4075 939 4141 sed
961 4095 1025 4141 non
1053 4095 1167 4141 revera
1198 4074 1273 4154 alio,
1304 4093 1326 4138 a
1347 4070 1444 4156 Tingi
1474 4090 1604 4136 mensus
1634 4075 1693 4136 est.

359 4179 476 4247 deinde
506 4180 596 4247 haud
627 4183 692 4248 scio
723 4202 765 4247 an
792 4182 882 4248 notio
906 4180 1117 4265 Carthaginis
1147 4201 1297 4264 mapnaa
1326 4178 1511 4245 Romanum
1541 4175 1695 4244 ostendat

357 4290 572 4301 ——n-

468 4342 490 4409 1)
508 4339 671 4409 Philologus
690 4342 724 4397 54
742 4340 839 4407 (1895)
857 4358 884 4410 p.
904 4341 964 4396 535.

467 4427 491 4498 ²)
508 4427 563 4484 Die
578 4444 665 4500 propr.
685 4427 852 4499 Fragments
870 4427 915 4484 des
935 4427 1135 4485 Eratosthenes
1153 4427 1223 4483 1880
1240 4442 1268 4494 p.
1287 4425 1330 4481 16.

467 4519 491 4588 ⁸)
510 4518 546 4572 oi.
565 4515 686 4571 Hermes
704 4519 737 4573 21
757 4518 851 4583 (1886)
869 4535 896 4587 p.
916 4519 1015 4587 seseq.

466 4607 490 4677 ⁴)
507 4606 543 4661 de
564 4607 618 4662 hoa
639 4623 753 4661 numero
772 4606 807 4662 of.
827 4605 1035 4662 hiiillenhoffins
1054 4604 1191 4663 Deatscie
1208 4603 1449 4661 Aliertamakande
1466 4595 1515 4659 [Π
1533 4605 1604 4661 1892
1616 4620 1644 4672 p.
1658 4604 1693 4660 66

357 4692 578 4760 athernacum,
598 4695 762 4766 Philologus
780 4698 817 4752 46
834 4697 929 4768 (1888)
947 4714 975 4766 p.
991 4697 1051 4753 695.
1080 4696 1170 4750 eidem
1182 4693 1312 4764 Europae
1329 4695 1402 4749 latus
1420 4693 1478 4747 dici
1495 4697 1694 4763 cognoverunt,

356 4782 393 4839 cl.
411 4783 496 4837 etiam
514 4782 618 4855 Berger
635 4785 654 4841 l.
674 4785 691 4839 Ι.
711 4803 739 4855 p.
758 4786 818 4845 330.

466 4873 489 4942 ὖ)
516 4873 550 4928 de
580 4874 701 4928 numeris
729 4874 762 4930 ol.
793 4873 882 4930 Strab.
911 4874 946 4930 64
974 4872 1153 4928 emendandis
1181 4864 1238 4948 (ΙΧῙ
1266 4876 1296 4930 et
1322 4864 1410 4946 [XVll
1425 4858 1626 4938 hmini)
1657 4867 1694 4927 cf.

355 4958 395 5017 h.
408 4960 437 5018 C.
451 4960 483 5016 P.
496 4962 622 5018 Schmidt
638 4962 671 5019 de
688 4960 797 5034 Polybii
814 4960 981 5032 geographia
999 4959 1063 5016 diss.
1083 4958 1205 5016 Berolini
1223 4963 1292 5019 1876
1311 4978 1339 5030 p.
1359 4960 1403 5016 17.

464 5053 488 5122 ⁶)
506 5053 577 5107 Acta
595 5068 650 5107 soc.
669 5051 744 5121 Lips.
763 5042 811 5105 ΠῙ
830 5052 899 5107 1873
917 5067 945 5120 p.
964 5048 1016 5106 139
1036 5052 1064 5103 et
1081 5046 1157 5106 Ptin.
1176 5050 1255 5108 sna,
1274 5050 1345 5107 1880
1362 5063 1390 5116 p.
1409 5050 1435 5103 2.
