4275 6025
1017 735 1059 800 79

371 955 402 1030 0,
415 953 480 1019 128
503 970 579 1016 vero
601 950 691 1033 prior
713 948 803 1014 locus
826 949 999 1033 respicitur
1020 967 1081 1013 nec
1096 954 1204 1012 tamen
1220 947 1392 1031 quicquam
1408 946 1534 1012 accedit
1555 946 1630 1013 nori
1644 947 1706 1012 nisi

369 1080 409 1123 ex
431 1058 584 1124 Muciano
607 1056 875 1135 additamentum,
909 1054 997 1139 quod
1025 1059 1139 1138 postea
1165 1055 1324 1118 insertum
1354 1073 1424 1118 esse
1455 1060 1580 1119 certum
1610 1058 1660 1119 est
1669 1052 1705 1139 ¹).

368 1167 402 1230 in
425 1165 515 1231 fonte
537 1165 639 1249 igitur
660 1162 749 1229 Plini
770 1164 877 1228 insula
892 1160 1024 1227 Arados
1046 1182 1113 1226 una
1135 1181 1208 1226 cum
1231 1180 1289 1226 ora
1311 1165 1513 1244 pertractata
1535 1165 1616 1229 erat
1647 1180 1707 1225 neo

368 1262 476 1337 1111116
498 1270 585 1336 idem
606 1271 777 1356 probabile
801 1275 851 1335 est
874 1270 913 1336 de
935 1269 1042 1335 insula
1057 1267 1157 1334 Paria
1176 1271 1205 1347 b,
1220 1270 1295 1349 128,
1319 1288 1403 1351 quae
1427 1273 1477 1332 est
1499 1273 1574 1333 ante
1590 1266 1704 1352 Iopen,

369 1377 427 1442 ubi
457 1382 587 1462 praeter
613 1397 730 1441 nomen
760 1375 866 1459 ipsum
895 1374 942 1440 nil
971 1374 1040 1439 1616
1071 1372 1205 1439 additur
1235 1373 1281 1438 eis
1310 1393 1395 1457 quae
1425 1375 1510 1455 1169
1541 1374 1704 1457 leguntur.

370 1483 495 1549 accedit
516 1481 604 1567 quod
627 1482 774 1565 reliquae
797 1480 883 1546 duce
909 1479 1034 1545 insulae
1063 1481 1121 1545 illo
1153 1479 1226 1545 loco
1253 1484 1416 1545 tractatae
1445 1500 1558 1547 revera
1580 1480 1704 1547 insulae

370 1610 436 1654 non
459 1598 543 1657 6111.
591 1586 743 1654 Canobus
766 1587 852 1652 enim
883 1592 917 1651 et
938 1584 1068 1650 Pharus
1098 1585 1163 1650 illis
1194 1585 1394 1668 temporibus
1424 1606 1497 1651 cum
1527 1588 1705 1652 continenti

369 1696 559 1761 coniunctae
583 1703 682 1763 eraut.

477 1824 537 1868 nec
551 1802 823 1888 praetereundum
847 1807 897 1867 est
912 1801 1000 1885 quod
1014 1799 1172 1866 Leucolla
1186 1800 1445 1883 promunturium
1469 1802 1499 1880 5,
1513 1802 1556 1871 96
1579 1801 1614 1865 11
1629 1821 1705 1867 6116

371 1909 587 1993 descriptione
610 1907 717 1974 locum
747 1906 856 1989 habet,
889 1907 1049 1991 repetitur
1071 1909 1181 1983 5,131
1216 1905 1302 1970 idem
1331 1926 1462 1971 nomene
1498 1905 1537 1969 ob
1568 1906 1614 1969 116
1644 1907 1703 1993 (66.

370 2014 582 2098 Chelidoniis)
606 2039 675 2080 cam
697 2017 808 2100 oppido
830 2012 972 2079 Loacolla
995 2012 1136 2097 Papae.

478 2122 602 2188 insulas
632 2122 730 2187 maris
753 2120 878 2205 Aegaei
900 2119 1075 2203 plurimam
1098 2122 1224 2201 partem
1250 2119 1285 2183 in
1307 2117 1460 2201 Europae
1490 2117 1706 2205 descriptione

371 2226 497 2293 Plinius
523 2226 671 2294 absolvit.
718 2226 820 2290 Asiae
848 2232 957 2289 autem
984 2229 1169 2288 reservatae
1199 2229 1276 2289 sunt
1305 2244 1373 2301 eae,
1405 2246 1489 2308 quae
1519 2227 1588 2292 eius
1618 2226 1707 2292 litori

373 2334 494 2399 vicinae
516 2340 600 2400 sunt.
648 2354 690 2399 ex
713 2334 759 2398 eis
783 2331 957 2416 Oaryanda
978 2338 1049 2397 tum
1079 2332 1114 2395 in
1145 2334 1334 2409 61611107
1365 2337 1437 2397 tum
1467 2333 1553 2399 inter
1582 2333 1705 2399 insulas

375 2443 485 2523 6134
506 2446 698 2507 1666166111.
744 2439 904 2519 16116166
933 2458 1062 2522 quoque
1095 2459 1155 2503 ora
1183 2444 1362 2504 cernuntur
1391 2439 1454 2503 loci
1480 2440 1566 2505 unde
1590 2440 1632 2505 ad
1655 2442 1706 2505 in·

372 2546 460 2611 sulas
484 2544 708 2611 describendas
731 2544 845 2611 auctor
868 2551 939 2611 erat
954 2543 1133 2628 digressus:
1158 2543 1199 2611 cf.
1224 2548 1255 2621 b,
1268 2545 1334 2612 104
1353 2554 1459 2628 portus
1478 2541 1584 2607 016166
1608 2568 1626 2607 α
1648 2568 1708 2630 quo

372 2652 498 2716 Rhodus
526 2653 626 2717 161616
652 2674 800 2738 passuum
830 2642 913 2717 ’Χῖ
959 2658 1074 2736 postea
1096 2650 1202 2718 Onido
1224 2651 1457 2717 Halicarnasso
1480 2651 1634 2737 Erythris
1662 2654 1705 2719 ad

370 2760 492 2827 insulas
515 2760 703 2826 tractandas
726 2765 880 2843 evagatus
904 2780 973 2825 esse
995 2759 1140 2824 videtur:
1163 2763 1195 2837 b,
1207 2761 1281 2827 133.
1307 2761 1381 2827 134.
1407 2756 1518 2841 136²).

478 2888 578 2932 unum
610 2866 695 2930 addo
726 2871 951 2950 argumentum
986 2885 1051 2947 quo
1083 2864 1264 2929 insularum
1294 2864 1527 2947 descriptiones
1556 2866 1591 2930 in
1618 2864 1706 2931 Plini

370 2974 459 3040 fonte
483 2996 555 3041 cum
578 2974 737 3058 periegesi
759 2973 919 3040 artissime
943 2972 1131 3038 coniunctas
1152 2970 1251 3036 fuisse
1270 2975 1437 3055 appareat.
1469 2968 1596 3037 Plinius
1620 2972 1705 3038 enim

371 3086 402 3161 4,
416 3084 511 3166 52sq.
534 3082 569 3145 in
592 3079 810 3145 describendis
832 3079 946 3144 insulis
977 3099 1041 3143 non
1068 3099 1144 3144 eum
1173 3078 1348 3143 terminum
1382 3077 1473 3142 tertii
1505 3076 1705 3162 secundique

371 3189 460 3252 sinus
475 3186 628 3272 Europae
650 3188 792 3273 respicit,
816 3208 911 3271 quem
928 3185 1089 3254 Varronis
1111 3184 1210 3251 fuisse
1232 3192 1321 3251 16616
1344 3184 1552 3252 Detlefsenus
1575 3190 1705 3253 statuit:

371 3292 496 3358 insulae
518 3291 561 3358 ab
579 3293 832 3374 ,Acrocerauniis
855 3292 1061 3376 incipiuntur,
1090 3311 1154 3356 non
1177 3311 1199 3356 6
1220 3290 1338 3356 Malea.
1385 3310 1458 3356 cum
1480 3313 1555 3359 vero
1578 3293 1705 3360 Plinius

370 3405 505 3482 propter
527 3398 712 3483 Agrippam
721 3397 748 3485 8)
771 3419 792 3464 a
814 3396 1022 3468 Varroniana
1051 3395 1208 3462 divisione
1234 3395 1398 3478 defecerit,
1430 3403 1518 3464 certo
1549 3401 1707 3466 evincitur

370 3506 405 3570 id
429 3507 516 3590 quod
538 3507 603 3572 iam
626 3507 700 3572 aliis
719 3506 760 3571 de
776 3505 881 3571 causis
896 3504 1065 3589 probabile
1080 3504 1183 3570 visum
1199 3509 1256 3581 est,
1280 3504 1323 3570 ab
1339 3506 1409 3588 ipso
1420 3505 1543 3571 insulas
1566 3528 1587 3572 a
1601 3508 1706 3592 perie-

370 3613 440 3693 gesi
462 3633 532 3677 esse
553 3611 693 3677 avulsas.

477 3718 595 3782 iamsi
626 3717 822 3802 quaerimus,
852 3722 964 3782 utrum
991 3716 1078 3781 idem
1100 3715 1207 3782 valeat
1229 3715 1272 3781 ad
1294 3716 1416 3782 Melam
1438 3736 1568 3800 quoque
1598 3738 1641 3781 an
1670 3718 1705 3782 in

371 3823 439 3888 eius
461 3822 637 3908 exemplari
652 3823 717 3888 iam
732 3823 856 3891 insulae
871 3822 1046 3906 separatim
1058 3821 1275 3906 perlustratae
1289 3821 1422 3903 fuerint,
1445 3823 1561 3887 summi
1576 3823 1708 3889 videtur

371 3949 439 3994 6666
462 3930 625 4010 momenti,
657 3929 746 4012 quod
770 3932 879 4010 2,103
902 3928 1032 4012 legitur.
1078 3929 1126 3994 ibi
1152 3928 1237 3993 enim
1260 3934 1335 4012 post
1358 3925 1502 4012 prrum
1525 3930 1634 4011 agitur
1664 3929 1705 3994 de

372 4033 479 4099 insula
491 4035 629 4118 quadam
641 4035 695 4100 oui
706 4033 854 4100 Parabos
869 4055 984 4100 nomen
997 4040 1055 4117 est,
1072 4034 1217 4119 alioquin
1230 4033 1327 4116 plane
1340 4034 1462 4117 ignota.
1480 4055 1532 4100 res
1544 4054 1619 4099 vero
1630 4055 1705 4117 per·

371 4140 525 4223 spiciatur
547 4139 603 4205 ubi
625 4139 712 4205 Plin.
737 4146 769 4219 b,
780 4142 845 4208 128
868 4141 1169 4224 comparaverimus,
1194 4161 1259 4225 quo
1282 4139 1352 4205 loco
1375 4146 1560 4206 tractantur
1578 4140 1705 4207 insulae

370 4246 471 4312 Paria
500 4253 533 4313 61
564 4248 705 4319 Arados.
751 4247 876 4314 accedit
908 4248 994 4332 quod
1025 4249 1058 4312 in
1087 4250 1165 4333 ipsis
1195 4247 1302 4313 verbis
1329 4268 1455 4312 summa
1486 4248 1628 4313 cernitur
1655 4247 1707 4313 ai·

369 4352 493 4420 finitas:
517 4354 653 4418 Poroboa
674 4357 708 4418 in
730 4354 876 4419 Phoenice
898 4365 940 4418 eet
956 4377 1058 4440 porca
1080 4366 1108 4419 61
1129 4366 1274 4441 quantum
1291 4365 1378 4440 patet
1398 4365 1459 4418 toto
1482 4355 1634 4439 oppidum,
1662 4354 1703 4424 61.
1807 4416 1817 4428 ,

479 4585 503 4655 ¹)
521 4601 577 4639 non
599 4584 699 4638 merito
717 4583 877 4653 Leopoldus
895 4585 990 4639 Brunn
1012 4585 1030 4639 l.
1050 4583 1070 4639 l.
1089 4603 1116 4653 p.
1136 4585 1172 4640 30
1189 4583 1281 4638 Plinio
1300 4583 1451 4653 opprobrio
1479 4587 1535 4653 dat,
1562 4580 1638 4654 quod
1662 4584 1705 4637 in·

370 4675 460 4728 sulam
478 4674 595 4728 Aradon
617 4676 682 4727 ante
705 4673 793 4743 Iopen
812 4674 894 4728 sitam
917 4690 978 4727 esse
995 4673 1152 4728 tradiderit.
1189 4679 1220 4727 at
1242 4673 1304 4728 luce
1331 4675 1433 4729 clarius
1461 4677 1505 4728 est
1526 4673 1614 4726 verba
1640 4677 1708 4728 cate

370 4761 455 4832 Iopen
473 4762 509 4817 ad
528 4762 616 4817 solam
628 4762 738 4818 Pariam
756 4765 903 4833 pertinere,
922 4765 1079 4818 communia
1097 4763 1134 4817 ad
1152 4767 1299 4833 utramque
1320 4765 1438 4820 insulam
1455 4764 1488 4820 ia
1505 4761 1652 4817 Paeneo
1670 4800 1678 4817 .
1697 4802 1705 4817 .

370 4851 452 4908 mari.
488 4851 562 4905 idem
580 4850 703 4906 Muciani
721 4851 906 4924 fragmentum
924 4852 998 4905 iusto
1016 4851 1101 4906 latius
1118 4852 1260 4920 produxit

479 4942 501 5009 ²)
519 4940 555 4994 61.
581 4940 665 4995 etiam
690 4943 715 5003 5,
725 4940 761 4996 92
785 4940 915 5012 oppidum
938 4939 1049 4996 Veneris
1069 4957 1089 4996 a
1109 4955 1165 5010 ouo
1181 4940 1310 5010 proxime
1329 4939 1438 5013 Cyprus
1464 4941 1567 4997 imula.
1603 4939 1651 4996 red
1668 4939 1706 4995 16

368 5029 565 5084 conticente
584 5043 642 5097 eqs.
678 5026 748 5082 haec
765 5027 954 5097 praedicanda
971 5027 1131 5092 66116616,
1153 5027 1203 5082 ubi
1220 5029 1351 5084 continno
1374 5032 1466 5083 tractu
1484 5043 1534 5082 ora
1552 5026 1704 5096 legebatur.

479 5118 501 5190 ³)
519 5117 573 5171 hoo
589 5115 673 5186 paulo
691 5119 755 5186 post
773 5115 946 5185 probabitur.
