4275 6025
976 703 1039 766 155

453 933 518 998 quo
549 913 653 997 magis
685 913 892 979 manifestum
922 912 969 995 fit,
1002 912 1037 978 id
1069 913 1157 999 quod
1187 937 1286 998 supra
1312 922 1448 1000 propter
1468 915 1677 1000 repetitiones

338 1021 520 1101 statuimus,
555 1024 587 1096 5,
600 1022 733 1088 44-46
768 1039 807 1083 ea
834 1040 918 1102 quae
945 1019 1053 1085 nescio
1086 1041 1150 1104 quo
1186 1027 1318 1086 auctore
1352 1021 1538 1087 referuntur
1571 1021 1676 1087 verbis

337 1127 464 1209 quidam
486 1172 495 1187 .
515 1174 550 1192 ..
573 1127 819 1210 interposuerunt,
844 1125 937 1208 qnasi
957 1126 1183 1209 supplementa
1198 1126 1361 1191 interioris
1378 1126 1511 1191 Africae
1525 1127 1567 1193 ab
1583 1128 1675 1192 initio

338 1252 401 1296 non
425 1231 589 1313 pertinere
608 1230 652 1295 ad
667 1231 924 1315 descriptionem.
970 1231 1072 1296 latino
1088 1252 1162 1297 vero
1177 1233 1303 1297 auctori
1319 1253 1358 1297 66
1374 1232 1486 1298 deberi
1502 1233 1553 1298 vel
1572 1233 1676 1299 verbis

338 1358 441 1423 eoaque
467 1338 553 1400 iacta
581 1338 830 1416 demonstratur,
859 1358 941 1422 quae
969 1337 1137 1404 collocatio
1163 1347 1278 1404 contra
1300 1338 1388 1404 Plini
1410 1361 1505 1405 usum
1530 1346 1588 1408 est.
1636 1362 1676 1404 ex

336 1445 451 1510 eodem
484 1443 573 1509 fonte
612 1446 772 1531 quaedam
808 1450 1000 1529 repetuntur
1038 1447 1148 1528 5197
1184 1444 1294 1510 eodem
1330 1447 1516 1529 pronomine
1552 1447 1676 1530 quidam

338 1552 689 1733 ΠΜ01116111.1111116111
715 1667 756 1711 ex
782 1646 853 1730 ipso
876 1644 986 1710 Plinio
1012 1643 1185 1710 manifesta
1213 1652 1297 1713 sunt.
1350 1666 1446 1728 quem
1476 1666 1551 1711 vero
1582 1645 1675 1711 illum

336 1763 500 1822 auctorem
523 1753 747 1821 secundarium
767 1752 867 1818 fuisse
882 1752 1078 1817 credendum
1094 1753 1145 1834 sit,
1171 1772 1211 1816 ex
1226 1751 1313 1818 Mela
1336 1753 1540 1836 perspicitur.
1586 1753 1675 1837 apud

336 1860 421 1926 hunc
443 1867 599 1945 quattuor
617 1859 696 1926 locis
712 1858 752 1923 de
767 1857 833 1922 illis
849 1858 999 1942 gentibus
1015 1859 1139 1942 agitur:
1164 1866 1192 1937 1,
1207 1862 1260 1928 22.
1285 1861 1338 1928 23.
1365 1865 1395 1938 1,
1408 1862 1550 1928 43-48.
1575 1863 1605 1940 3,
1620 1861 1674 1927 95.

336 1969 456 2049 3,103.
505 1988 545 2031 ex
559 1966 610 2032 his
627 1972 657 2043 1,
670 1968 723 2034 22.
748 1967 790 2033 23
806 1965 840 2030 iu
862 1964 1005 2048 generali
1020 1964 1157 2030 Africae
1172 1964 1386 2050 descriptione
1402 1971 1478 2032 ante
1493 1965 1673 2051 periegesin

334 2073 495 2139 collocata
521 2079 605 2138 sunt.
652 2071 792 2156 primum
814 2071 871 2154 qni
894 2092 985 2136 oram
1007 2078 1119 2137 tenent
1141 2071 1338 2138 afferuntur:
1364 2079 1392 2154 1,
1407 2075 1450 2142 22
1472 2075 1506 2136 in
1529 2095 1564 2136 66
1582 2084 1674 2158 parte

335 2203 411 2265 qaae
432 2179 549 2265 Libyco
580 2179 687 2266 (mari)
697 2177 721 2260 ¹)
754 2178 870 2242 adiacet
974 2179 1101 2260 confinia
1129 2181 1292 2266 possident.
1345 2185 1416 2245 tum
1445 2179 1496 2246 bis
1526 2181 1611 2246 sicut
1639 2181 1673 2246 in

337 2286 424 2351 Plini
447 2286 536 2351 16116
559 2285 600 2350 61
623 2285 746 2350 6116116
769 2284 812 2349 ad
835 2304 983 2349 occasum
1006 2284 1207 2368 proceditur:
1764 2273 1765 2278 ¹

339 2437 343 2442 ·
444 2393 479 2479 1)
501 2390 622 2475 Libyes
649 2390 806 2474 Aegyptii
832 2389 1119 2475 Leucoaethiopes,
1143 2389 1276 2458 Gaetuli
1299 2391 1353 2479 (61.
1380 2392 1466 2458 Ρ116.
1495 2396 1525 2474 5,
1535 2395 1577 2462 43
1604 2392 1672 2474 in).

336 2498 452 2564 deinde
474 2497 610 2564 desertis
633 2497 833 2580 interpositis

443 2609 478 2686 2)
503 2602 723 2670 Garamantes
745 2601 888 2686 Augilas
911 2601 1118 2686 Trogodytae
1142 2603 1303 2668 Atlantes.

339 2712 476 2796 denique
520 2711 556 2797 3)
597 2711 632 2774 11
673 2707 790 2774 Africa
831 2708 947 2774 intima
992 2708 1131 2774 fabulosi
1172 2708 1222 2773 illi
1263 2710 1448 2793 Aegipanes
1486 2709 1670 2793 Blemmyes

337 2816 602 2902 Gamphasantes
625 2814 736 2899 Satyri
759 2814 813 2900 (61.
837 2815 921 2881 Plin.
945 2819 976 2897 5,
992 2816 1060 2899 44).
1108 2816 1224 2880 horum
1255 2815 1342 2899 apud
1365 2815 1507 2880 Plinium
1536 2815 1571 2879 in
1600 2816 1672 2899 ipsa

335 2926 550 3010 descriptione
572 2924 658 2988 ratio
674 2944 739 2988 non
760 2921 911 2989 habetur.
958 2923 1014 2987 sed
1030 2923 1141 3006 magni
1163 2923 1317 2987 momenti
1340 2929 1389 2987 661
1405 2921 1561 2987 Atlantas
1584 2920 1672 3004 apud

336 3032 457 3097 Melam
480 3054 518 3098 66
540 3031 609 3097 1616
631 3031 703 3096 1666
718 3052 878 3115 apparere
901 3052 965 3114 quo
988 3030 1077 3114 apud
1091 3029 1235 3095 Plinium
1250 3029 1437 3095 Amantes.¹
1468 3030 1568 3112 igitur
1585 3027 1671 3112 apud

333 3137 426 3203 illum
448 3136 600 3203 Atlantes
622 3135 730 3201 locum
753 3136 935 3202 Amantum
962 3155 1166 3220 occupavere,
1195 3142 1309 3220 postea
1332 3156 1369 3201 eo
1393 3136 1463 3201 loco
1486 3156 1549 3219 quo
1572 3144 1670 3200 antea

333 3243 533 3329 legebantur,
558 3243 669 3309 omissi
691 3249 779 3308 sunt.

441 3372 538 3433 porro
562 3350 693 3415 minime
716 3348 953 3433 neglegendum
976 3354 1034 3428 est,
1058 3348 1115 3413 ubi
1138 3348 1352 3432 descriptione
1371 3354 1505 3433 peracta
1527 3348 1670 3431 amplius

333 3457 373 3521 ‹le
395 3456 459 3521 illis
482 3455 610 3540 populis
632 3457 753 3539 agitur,
781 3456 887 3521 solum
910 3454 951 3519 de
973 3456 1020 3520 eis
1044 3455 1142 3521 16116
1169 3455 1239 3522 fieri
1262 3457 1319 3541 qui
1349 3456 1489 3522 secundo
1513 3461 1547 3521 et
1569 3458 1668 3521 tertio

332 3563 402 3629 loco
424 3562 516 3628 nobis
539 3563 719 3627 enumerati
742 3567 828 3628 sunt.
874 3563 908 3626 in
930 3560 1017 3627 Plini
1048 3583 1124 3627 vero
1152 3564 1340 3628 narratione
1364 3566 1394 3640 5,
1411 3565 1454 3631 32
1462 3583 1510 3646 sq.
1536 3583 1614 3627 6616
1638 3567 1671 3627 61

332 3668 440 3734 sobria
463 3668 651 3734 referuntur
684 3670 724 3735 de
758 3671 804 3735 eis
837 3689 920 3753 quos
954 3669 1094 3735 secundo
1128 3669 1198 3735 loco
1225 3671 1402 3754 posuimus,
1430 3669 1614 3736 hariolator
1641 3672 1669 3737 is

332 3775 418 3841 unde
441 3778 472 3854 5,
489 3780 589 3860 4166.
613 3774 728 3842 addita
750 3782 827 3842 sunt
849 3774 969 3841 similia
992 3782 1093 3860 atque
1115 3774 1202 3859 apud
1225 3775 1347 3841 Melam
1374 3783 1400 3859 1,
1418 3780 1562 3848 43-48.

439 3903 523 3965 quae
545 3904 599 3948 res
621 3882 760 3951 obscura
787 3905 885 3967 quam
920 3884 1066 3959 maxime,
1103 3883 1130 3948 si
1165 3882 1340 3949 coniectari
1373 3881 1423 3948 166
1457 3890 1516 3966 est,
1552 3885 1600 3950 ita
1635 3906 1669 3949 66

332 3988 459 4054 videtur
474 3987 644 4054 habuisse:
661 3989 799 4073 primum
816 3990 922 4055 solum
936 3991 970 4055 in
986 3989 1076 4055 fonte
1092 3990 1252 4055 communi
1267 4010 1326 4054 eae
1342 3997 1454 4073 gentes
1470 4012 1551 4074 quas
1563 3992 1668 4075 primo

333 4095 503 4179 alteroque
517 4095 588 4161 loco
603 4096 851 4179 composuimus,
866 4096 1049 4161 exstabant.
1078 4100 1156 4160 tunc
1171 4094 1259 4179 apud
1274 4102 1439 4162 auctorem
1453 4119 1474 4181 y
1489 4095 1542 4179 (cf.
1560 4119 1592 4181 p.
1610 4098 1668 4181 81)

332 4202 372 4267 da
386 4202 537 4287 gentibus
551 4202 684 4267 secundi
703 4200 826 4267 ordinis
848 4201 996 4267 16111666
1019 4202 1178 4286 quaedam
1195 4203 1322 4268 adnexa
1345 4208 1430 4284 sunt,
1455 4224 1527 4269 cum
1551 4202 1609 4268 illa
1628 4204 1669 4269 de

332 4307 429 4373 tertio
452 4306 565 4373 ordine
587 4306 794 4372 adderentur.
840 4312 950 4372 tamen
973 4306 1034 4372 hoc
1056 4306 1143 4372 clare
1163 4308 1304 4393 perspici
1327 4328 1450 4389 censeo,
1475 4308 1667 4393 primarium

332 4414 478 4480 ordinem
501 4414 647 4498 gentium
671 4414 705 4499 1)
730 4414 813 4500 612)
835 4413 869 4478 in
892 4414 1054 4479 communi
1078 4413 1166 4479 fonte
1189 4435 1263 4480 eum
1286 4414 1395 4497 fuisse,
1418 4414 1521 4480 1161
1544 4415 1668 4481 oriente

332 4521 375 4587 ad
397 4520 595 4586 occidentem
610 4524 796 4603 pargantur.
842 4539 938 4602 quem
961 4538 1092 4584 cursum
1107 4518 1195 4585 Plini
1219 4526 1385 4586 auctorem
1400 4520 1435 4586 in
1458 4540 1517 4586 ora
1537 4541 1668 4604 quoque

331 4626 471 4691 tenuisse
494 4624 793 4691 demonstravimus.
825 4622 939 4705 itaque
956 4628 991 4708 1)
1007 4628 1041 4688 61
1056 4623 1150 4711 2)6(1
1166 4630 1331 4690 auctorem
1353 4647 1384 4693 x.
1402 4626 1457 4712 (61.
1473 4650 1505 4712 p.
1523 4628 1583 4714 81)
1597 4628 1619 4693 i.
1636 4648 1664 4693 e.

333 4731 523 4809 Varronem,
539 4728 762 4796 additamenta
785 4727 934 4794 fabulosa
948 4750 1023 4795 cum
1038 4728 1075 4815 3)
1091 4728 1133 4795 ad
1148 4737 1316 4797 auctorem
1330 4752 1353 4816 y
1367 4734 1530 4817 pertinere
1544 4733 1664 4802 iudico.

439 4842 469 4917 5,
486 4842 530 4908 47
553 4838 692 4902 autumet
706 4837 798 4899 Aria
821 4857 907 4921 quae
921 4835 1015 4903 nobis
1029 4837 1227 4905 absolvenda
1242 4846 1300 4920 est,
1324 4841 1513 4925 priusquam
1528 4839 1665 4907 Africae

331 4954 420 5011 oram
444 4943 634 5010 exteriorem
657 4942 856 5009 accedamus.

440 5077 465 5147 ¹)
483 5077 551 5130 notu
568 5075 708 5130 notionem
726 5074 938 5131 Varronianam.
