4275 6025
1060 715 1125 781 132

426 937 493 999 tres
515 930 615 997 libros
638 928 834 1013 explevisse:
858 924 960 994 VIII.
987 924 1055 993 IX
1090 922 1136 992 X.
1166 930 1244 990 tnnc
1274 944 1312 989 eo
1342 923 1445 1005 magis
1471 923 1669 1007 perspicitur
1697 943 1763 1006 quo

427 1040 498 1105 iure
529 1035 735 1122 Augustinus
770 1036 829 1100 oiv.
862 1033 914 1099 dei
957 1034 1023 1113 6,4
1067 1032 1175 1098 dicere
1215 1030 1375 1114 potuerit:
1414 1028 1527 1093 eoem
1559 1029 1764 1093 bumanorum

428 1146 516 1209 libros
546 1167 607 1208 aon
634 1152 779 1227 quantam
809 1140 850 1203 od
880 1139 978 1203 orbem
1010 1147 1171 1218 terram
1203 1137 1254 1199 aad
1283 1144 1429 1219 quantum
1451 1135 1492 1197 od
1513 1133 1609 1198 solam
1630 1134 1765 1198 Rornam

387 1286 389 1293 ⁴
425 1253 562 1339 pertinet,
579 1250 706 1336 sempsit.
729 1267 826 1331 quem
841 1246 947 1312 locum
962 1244 1013 1309 vel
1027 1243 1225 1309 Riteehelius
1239 1262 1411 1326 perperam
1425 1241 1656 1326 interpretatus
1670 1248 1720 1309 est
1729 1242 1763 1327 ¹),

430 1378 626 1444 quamquem
652 1356 720 1438 ipse
742 1374 815 1418 oum
838 1350 1013 1417 Krahnero
1036 1348 1196 1414 ambitum
1225 1347 1333 1430 operis
1364 1346 1468 1428 auxit,
1495 1346 1543 1413 ita
1572 1353 1611 1413 ut
1633 1347 1764 1413 Italiam

429 1486 559 1551 quoque
575 1484 613 1529 eo
634 1466 810 1528 tractatam
834 1478 903 1523 esse
919 1461 1085 1523 statueret.
1130 1476 1194 1539 qna
1216 1454 1365 1538 opinione
1388 1454 1456 1538 ipse
1478 1474 1571 1519 snam
1588 1451 1766 1536 Augustini

430 1571 730 1656 interpretationem
758 1566 918 1650 infringit.
969 1564 1026 1649 qui
1056 1583 1148 1630 error
1177 1582 1338 1646 nusquam
1368 1562 1458 1627 nasci
1487 1562 1605 1645 potuit,
1636 1561 1665 1626 si
1694 1560 1765 1627 Au·

430 1678 577 1763 gustinue
593 1697 656 1742 uon
680 1676 723 1738 od
738 1673 834 1737 solam
848 1672 985 1735 Romam
1007 1671 1198 1755 scripsisset,
1223 1669 1281 1735 sed
1296 1674 1409 1753 aperte
1431 1669 1608 1753 quodsum
1627 1668 1766 1734 voluisse

431 1782 695 1850 antecedentibus
718 1779 823 1846 verbis
846 1777 1088 1863 comprobatur,
1111 1777 1153 1839 od
1174 1776 1250 1839 solos
1271 1775 1440 1839 Romanos.

544 1909 739 1974 quamquam
753 1884 938 1969 Gruppium
955 1890 1078 1949 temere
1088 1882 1215 1948 Rerum
1225 1881 1421 1947 urbanarum
1436 1880 1538 1946 libros
1549 1880 1609 1946 III
1622 1880 1665 1946 ad
1680 1879 1768 1964 ipsae

431 1996 643 2080 antiquitates
665 1993 830 2059 rettulisse
844 1989 1097 2057 ReItzensteinio
1119 1987 1271 2056 concedo.
1317 1986 1416 2072 quid?
1461 1993 1541 2072 quot
1563 1987 1664 2053 libros
1683 1986 1766 2052 illud

433 2124 513 2189 opus
536 2099 815 2186 comprehenderit
837 2118 942 2164 noune
961 2093 1139 2162 nescimus?
1184 2101 1220 2161 at
1234 2093 1416 2164 Varronem
1431 2094 1483 2160 bis
1497 2094 1584 2161 idem
1598 2092 1667 2160 iere
1682 2100 1767 2160 trac·

432 2217 519 2277 tasse
541 2230 606 2274 non
629 2227 694 2273 uno
717 2206 862 2290 exemplo
884 2204 1051 2288 probatur.

545 2315 672 2382 esdad
701 2313 903 2399 propositum
934 2315 1143 2376 revertemur.
1190 2308 1231 2375 de
1252 2308 1360 2375 Roma
1382 2309 1566 2378 Varronem
1596 2330 1660 2375 non
1682 2309 1770 2374 intra

433 2421 553 2487 Italiae
584 2418 831 2503 descriptionem
861 2416 964 2500 egisse
994 2420 1133 2481 constat.
1177 2414 1305 2481 Plinius
1337 2422 1447 2481 autem
1469 2420 1602 2500 propter
1624 2414 1769 2480 ordinem

434 2532 594 2592 mutatum
602 2524 629 2612 ²)
664 2526 692 2590 si
726 2544 792 2608 que
821 2522 861 2587 de
882 2520 989 2586 Roma
1020 2520 1208 2605 prolaturus
1239 2528 1320 2601 erat,
1351 2521 1452 2587 alium
1475 2520 1635 2591 Varronis
1664 2522 1770 2588 locum

434 2634 525 2699 adire
553 2653 682 2699 neeesse
709 2629 861 2697 babebat.
910 2630 976 2694 iam
1003 2648 1079 2695 vero
1106 2649 1190 2712 quae
1217 2629 1258 2693 de
1283 2629 1364 2694 urbe
1388 2634 1528 2711 suamet,
1553 2628 1714 2714 duplicem
1736 2630 1771 2695 in

435 2741 622 2807 universum
648 2759 726 2823 prae
758 2758 793 2802 se
819 2735 928 2805 ierunt
950 2736 1121 2820 originem:
1146 2736 1251 2801 altera
1272 2757 1348 2820 pars
1371 2756 1412 2800 ex
1433 2735 1581 2820 abruptis
1604 2737 1772 2803 sententiis

436 2847 612 2932 composita
635 2852 694 2924 est,
717 2843 830 2929 procul
853 2844 950 2910 dubio
974 2864 1014 2908 ex
1036 2864 1157 2927 magna
1177 2841 1341 2925 farragine
1355 2864 1463 2908 rerum
1479 2842 1641 2924 delibatis,
1666 2842 1772 2908 altera

435 2956 478 3022 ad
508 2975 638 3021 censum
668 2950 728 3018 sub
751 2949 953 3036 Vespasiano
982 2948 1131 3016 habitum
1161 2950 1312 3035 pertinet,
1343 2970 1427 3035 qnae
1457 2950 1662 3034 amplectitur
1692 2949 1773 3015 haec

436 3062 550 3128 verba:
575 3065 606 3142 3,
621 3063 662 3130 66
678 3061 798 3123 moenio
812 3061 874 3123 eiua
890 3058 1028 3143 collegere
1051 3106 1059 3123 .
1075 3109 1083 3124 .
1100 3107 1107 3122 .
1132 3061 1162 3140 3,
1177 3060 1219 3128 67
1231 3058 1365 3143 ponere
1379 3059 1407 3122 ei
1421 3055 1638 3144 comparariss).
1668 3057 1772 3124 inter·

436 3170 723 3255 positaeatautem
736 3167 872 3230 interea
884 3185 968 3249 quae
980 3164 1022 3230 ad
1037 3165 1266 3250 antiquitatem
1282 3170 1440 3248 spectant.
1475 3185 1514 3231 ac
1527 3164 1668 3249 primum
1684 3165 1771 3248 quod

438 3281 468 3355 3,
483 3278 524 3346 65
549 3295 664 3341 nomen
687 3274 826 3339 alterum
847 3272 972 3339 Romae
995 3271 1102 3338 dicere
1124 3269 1216 3336 nefas
1239 3291 1307 3336 esse
1329 3272 1480 3354 traditur,
1498 3270 1646 3338 conferas
1669 3269 1771 3338 Solin.

439 3388 470 3464 1,
482 3381 538 3468 4⁴)
562 3380 649 3465 apud
671 3401 768 3464 quem
789 3381 824 3445 in
845 3380 938 3445 initio
962 3380 1068 3464 operis
1091 3377 1201 3443 eadem
1219 3378 1372 3462 leguntur
1387 3399 1472 3462 quae
1487 3378 1574 3462 apud
1591 3377 1774 3446 Varronem

439 3508 568 3572 quoque
591 3487 624 3552 in
646 3485 740 3552 initio
763 3485 842 3552 libri
864 3485 915 3551 vel
937 3485 1095 3551 librorum
1118 3485 1175 3568 qui
1198 3484 1410 3550 versabantur
1431 3486 1466 3550 in
1487 3484 1612 3551 Romae
1634 3484 1778 3570 descrip-

438 3595 539 3677 tione,
560 3594 706 3659 extitisse
728 3593 842 3676 utique
865 3592 1037 3657 verisimile
1059 3597 1119 3657 est.
1165 3590 1307 3659 Varroni
1330 3597 1439 3657 autem
1461 3614 1539 3658 num
1561 3593 1632 3658 iure
1654 3591 1713 3657 illa
1734 3591 1775 3657 de

441 3701 544 3767 altero
576 3701 702 3766 nomine
725 3700 932 3779 vindicemus,
958 3698 1179 3782 quaerendum
1201 3705 1261 3768 est.
1307 3720 1382 3764 nam
1408 3698 1535 3765 Plinius
1565 3699 1634 3784 ipse
1664 3701 1718 3780 28,
1731 3701 1774 3768 18

440 3808 557 3874 similia
587 3812 675 3873 certe
703 3828 721 3872 e
746 3805 862 3876 Verrio
893 3805 1010 3872 Flacco
1041 3811 1167 3871 narrat:
1208 3804 1333 3869 Verrius
1366 3804 1495 3870 Placere
1529 3817 1659 3870 aoowree
1688 3806 1775 3892 ponit

440 3916 546 4002 quibus
568 3915 670 3978 eredat
691 3915 724 3976 in
747 3912 1018 3999 oppugnationibus
1040 3923 1110 3976 ante
1131 3914 1234 3975 omnia
1248 3913 1366 3975 solitam
1381 3936 1401 3974 o
1416 3912 1567 3976 Romanis
1580 3914 1776 3977 semrom

441 4023 556 4088 evocari
581 4023 679 4104 deam,
707 4021 789 4084 ouius
811 4021 843 4083 in
867 4021 957 4084 tutelo
978 4021 1013 4082 id
1035 4021 1180 4104 oppidum
1202 4029 1275 4084 esset
1291 4020 1487 4105 promittique
1508 4019 1556 4081 illi
1576 4021 1699 4084 eandm
1722 4029 1778 4081 ant

440 4129 616 4214 ampliorem
648 4128 734 4214 apud
755 4126 911 4190 Romanos
942 4127 1060 4190 cultam.
1113 4137 1140 4189 et
1170 4127 1263 4190 durat
1288 4128 1322 4190 in
1351 4126 1528 4212 pontificum
1558 4126 1719 4212 diciplina
1741 4127 1776 4188 ld

441 4257 560 4298 eaerum
583 4245 752 4320 constatque
774 4235 840 4298 ideo
862 4233 1036 4297 ooeultotum
1058 4233 1092 4296 in
1110 4234 1192 4296 ouius
1207 4233 1298 4297 tutele
1313 4233 1414 4296 Roma
1429 4243 1509 4316 asel,
1533 4252 1569 4296 na
1584 4234 1637 4317 qui
1650 4232 1776 4296 betium

441 4341 533 4404 simili
561 4343 647 4403 modo
677 4351 803 4426 operam.
850 4339 967 4425 quibus
998 4340 1032 4403 in
1061 4334 1168 4405 verbis
1190 4340 1316 4406 Plinius
1343 4361 1406 4406 uon
1428 4337 1509 4405 adeo
1532 4337 1697 4423 perlucide
1720 4358 1774 4403 ex·

550 4570 570 4638 ¹)
590 4585 684 4638 opusc.
702 4566 750 4624 III
768 4583 795 4638 p.
814 4569 874 4624 394.

550 4657 574 4728 ⁹)
591 4656 666 4710 haud
689 4656 745 4711 scio
770 4674 805 4711 sn
827 4659 904 4712 recle
926 4656 1026 4711 mntsdi
1047 4655 1154 4728 ingenii
1175 4672 1284 4726 quoque
1306 4656 1336 4710 in
1353 4655 1406 4712 baa
1423 4654 1598 4726 potissimum
1616 4655 1779 4711 diversitate

443 4760 592 4816 agnoscam
610 4743 805 4804 testimonium.

551 4831 572 4903 ⁸)
591 4848 646 4885 non
669 4847 902 4900 supervacaneum
926 4831 1036 4886 videtur
1058 4831 1193 4886 aduolare
1215 4829 1338 4885 Plinium
1359 4831 1430 4887 actia
1457 4832 1590 4888 censoriis
1613 4831 1780 4902 Vespasiani

443 4919 527 4976 etiam
545 4923 570 4990 7,
580 4920 722 4976 162-164
741 4937 819 4974 usum
838 4937 905 4977 esse.

551 5011 573 5082 ⁴)
592 5009 638 5065 ubi
663 5010 832 5065 antecedunt
855 5011 926 5066 siout
949 5010 1037 5065 iustus
1062 5010 1131 5065 ordo
1154 5009 1298 5082 efflagitat,
1319 5026 1391 5079 quae
1409 5010 1444 5066 de
1461 5008 1524 5082 ipso
1541 5009 1649 5068 Romae
1667 5011 1779 5066 nomine

443 5097 561 5154 dicenda
579 5101 651 5152 sunt.
688 5097 718 5152 id
736 5097 810 5166 quod
828 5101 933 5152 temere
950 5096 1055 5154 laetum
1073 5113 1133 5153 esse
1151 5097 1220 5152 mihi
1238 5113 1294 5152 non
1312 5097 1475 5167 persuadeo.
