<?xml version="1.0" encoding="UTF-8"?>
<!DOCTYPE html PUBLIC "-//W3C//DTD XHTML 1.0 Transitional//EN"
    "http://www.w3.org/TR/xhtml1/DTD/xhtml1-transitional.dtd">
<html xmlns="http://www.w3.org/1999/xhtml" xml:lang="en" lang="en">
 <head>
  <title>
</title>
<meta http-equiv="Content-Type" content="text/html;charset=utf-8" />
  <meta name='ocr-system' content='tesseract 3.04.00' />
  <meta name='ocr-capabilities' content='ocr_page ocr_carea ocr_par ocr_line ocrx_word'/>
</head>
<body>
  <div class='ocr_page' id='page_1' title='image "./quaestionesplin00klotgoog_0157.png"; bbox 0 0 4275 6025; ppageno 0'>
   <div class='ocr_carea' id='block_1_1' title="bbox 364 717 1759 3679">
    <p class='ocr_par' dir='ltr' id='par_1_1' title="bbox 1062 717 1125 779">
     <span class='ocr_line' id='line_1_1' title="bbox 1062 717 1125 779; baseline 0 0"><span class='ocrx_word' id='word_1_1' title='bbox 1062 717 1125 779; x_wconf 87' lang='grc'><strong>147</strong></span> 
     </span>
    </p>

    <p class='ocr_par' dir='ltr' id='par_1_2' title="bbox 426 924 1758 1224">
     <span class='ocr_line' id='line_1_2' title="bbox 426 924 1758 1008; baseline 0.006 -20"><span class='ocrx_word' id='word_1_2' title='bbox 426 924 590 990; x_wconf 88' lang='lat' dir='ltr'><strong>indicavit.</strong></span> <span class='ocrx_word' id='word_1_3' title='bbox 637 928 668 1003; x_wconf 91' lang='lat'><strong>5,</strong></span> <span class='ocrx_word' id='word_1_4' title='bbox 686 930 738 993; x_wconf 77' lang='lat'><strong>14.</strong></span> <span class='ocrx_word' id='word_1_5' title='bbox 765 928 805 993; x_wconf 90' lang='grc'><strong>15</strong></span> <span class='ocrx_word' id='word_1_6' title='bbox 829 924 870 990; x_wconf 91' lang='lat' dir='ltr'><strong>ab</strong></span> <span class='ocrx_word' id='word_1_7' title='bbox 894 945 939 990; x_wconf 90' lang='grc'><strong>55</strong></span> <span class='ocrx_word' id='word_1_8' title='bbox 955 932 1086 1008; x_wconf 88' lang='lat' dir='ltr'><strong>sumpta</strong></span> <span class='ocrx_word' id='word_1_9' title='bbox 1108 946 1177 992; x_wconf 89' lang='lat' dir='ltr'><strong>esse</strong></span> <span class='ocrx_word' id='word_1_10' title='bbox 1200 926 1314 995; x_wconf 87' lang='lat' dir='ltr'><strong>elucet.</strong></span> <span class='ocrx_word' id='word_1_11' title='bbox 1360 927 1413 992; x_wconf 93' lang='lat' dir='ltr'><strong>hic</strong></span> <span class='ocrx_word' id='word_1_12' title='bbox 1435 949 1510 994; x_wconf 87' lang='lat' dir='ltr'><strong>vero</strong></span> <span class='ocrx_word' id='word_1_13' title='bbox 1532 951 1632 996; x_wconf 91' lang='lat' dir='ltr'><strong>unum</strong></span> <span class='ocrx_word' id='word_1_14' title='bbox 1659 930 1758 996; x_wconf 94' lang='lat' dir='ltr'><strong>nolim</strong></span> 
     </span>
     <span class='ocr_line' id='line_1_3' title="bbox 426 1030 1758 1119; baseline 0.007 -22"><span class='ocrx_word' id='word_1_15' title='bbox 426 1034 591 1097; x_wconf 84' lang='lat' dir='ltr'><strong>omittere:</strong></span> <span class='ocrx_word' id='word_1_16' title='bbox 615 1030 742 1096; x_wconf 77' lang='lat' dir='ltr'><strong>Plinius</strong></span> <span class='ocrx_word' id='word_1_17' title='bbox 764 1031 872 1095; x_wconf 81' lang='lat' dir='ltr'><strong>similis</strong></span> <span class='ocrx_word' id='word_1_18' title='bbox 894 1031 1087 1097; x_wconf 86' lang='lat' dir='ltr'><strong>adiectivum</strong></span> <span class='ocrx_word' id='word_1_19' title='bbox 1111 1053 1183 1097; x_wconf 90' lang='lat' dir='ltr'><strong>cnm</strong></span> <span class='ocrx_word' id='word_1_20' title='bbox 1206 1031 1314 1098; x_wconf 83' lang='lat' dir='ltr'><strong>dativo</strong></span> <span class='ocrx_word' id='word_1_21' title='bbox 1335 1034 1528 1118; x_wconf 84' lang='lat' dir='ltr'><strong>coniungere</strong></span> <span class='ocrx_word' id='word_1_22' title='bbox 1551 1036 1643 1117; x_wconf 86' lang='lat' dir='ltr'><strong>solet,</strong></span> <span class='ocrx_word' id='word_1_23' title='bbox 1667 1041 1758 1119; x_wconf 83' lang='grc'>5,14</span> 
     </span>
     <span class='ocr_line' id='line_1_4' title="bbox 427 1137 1483 1224; baseline 0.006 -22"><span class='ocrx_word' id='word_1_24' title='bbox 427 1137 546 1222; x_wconf 86' lang='lat' dir='ltr'><strong>legitur</strong></span> <span class='ocrx_word' id='word_1_25' title='bbox 568 1138 839 1222; x_wconf 67' lang='grc' dir='ltr'>5155551515ἱί5.</span> <span class='ocrx_word' id='word_1_26' title='bbox 885 1138 988 1221; x_wconf 82' lang='lat' dir='ltr'><strong>igitur</strong></span> <span class='ocrx_word' id='word_1_27' title='bbox 1011 1159 1051 1203; x_wconf 90' lang='lat' dir='ltr'><strong>ex</strong></span> <span class='ocrx_word' id='word_1_28' title='bbox 1074 1139 1195 1223; x_wconf 90' lang='lat' dir='ltr'><strong>scripto</strong></span> <span class='ocrx_word' id='word_1_29' title='bbox 1218 1138 1307 1203; x_wconf 81' lang='lat' dir='ltr'><strong>fonte</strong></span> <span class='ocrx_word' id='word_1_30' title='bbox 1330 1139 1439 1205; x_wconf 92' lang='lat' dir='ltr'><strong>bausit</strong></span> <span class='ocrx_word' id='word_1_31' title='bbox 1447 1140 1483 1224; x_wconf 88' lang='lat'><strong>¹).</strong></span> 
     </span>
    </p>

    <p class='ocr_par' dir='ltr' id='par_1_3' title="bbox 424 1243 1759 1866">
     <span class='ocr_line' id='line_1_5' title="bbox 534 1243 1759 1332; baseline 0.007 -24"><span class='ocrx_word' id='word_1_32' title='bbox 534 1243 651 1310; x_wconf 87' lang='lat' dir='ltr'><strong>deinde</strong></span> <span class='ocrx_word' id='word_1_33' title='bbox 667 1250 697 1328; x_wconf 95' lang='lat'><strong>5,</strong></span> <span class='ocrx_word' id='word_1_34' title='bbox 712 1247 843 1314; x_wconf 85' lang='lat'><strong>35-37</strong></span> <span class='ocrx_word' id='word_1_35' title='bbox 867 1265 1064 1328; x_wconf 86' lang='lat' dir='ltr'><strong>quamquam</strong></span> <span class='ocrx_word' id='word_1_36' title='bbox 1087 1266 1129 1310; x_wconf 86' lang='lat' dir='ltr'><strong>ex</strong></span> <span class='ocrx_word' id='word_1_37' title='bbox 1151 1246 1337 1310; x_wconf 87' lang='lat' dir='ltr'><strong>auctoribus</strong></span> <span class='ocrx_word' id='word_1_38' title='bbox 1358 1245 1514 1312; x_wconf 90' lang='lat' dir='ltr'><strong>Romanis</strong></span> <span class='ocrx_word' id='word_1_39' title='bbox 1537 1250 1696 1332; x_wconf 80' lang='lat' dir='ltr'><strong>quaedam</strong></span> <span class='ocrx_word' id='word_1_40' title='bbox 1719 1251 1759 1316; x_wconf 90' lang='lat' dir='ltr'><strong>de</strong></span> 
     </span>
     <span class='ocr_line' id='line_1_6' title="bbox 426 1349 1758 1439; baseline 0.005 -22"><span class='ocrx_word' id='word_1_41' title='bbox 426 1351 524 1417; x_wconf 84' lang='lat' dir='ltr'>Balbi</span> <span class='ocrx_word' id='word_1_42' title='bbox 545 1349 708 1435; x_wconf 88' lang='lat' dir='ltr'><strong>triumpho</strong></span> <span class='ocrx_word' id='word_1_43' title='bbox 731 1351 831 1435; x_wconf 86' lang='grc'>(5555</span> <span class='ocrx_word' id='word_1_44' title='bbox 846 1350 923 1437; x_wconf 76' lang='lat' dir='ltr'><strong>73ss</strong></span> <span class='ocrx_word' id='word_1_45' title='bbox 929 1353 980 1428; x_wconf 88' lang='grc'><strong>19)</strong></span> <span class='ocrx_word' id='word_1_46' title='bbox 1004 1350 1177 1435; x_wconf 52' lang='grc'>1551151111),</span> <span class='ocrx_word' id='word_1_47' title='bbox 1206 1359 1315 1417; x_wconf 88' lang='lat' dir='ltr'><strong>tamen</strong></span> <span class='ocrx_word' id='word_1_48' title='bbox 1337 1358 1411 1418; x_wconf 88' lang='lat' dir='ltr'><strong>acta</strong></span> <span class='ocrx_word' id='word_1_49' title='bbox 1433 1354 1644 1439; x_wconf 83' lang='lat' dir='ltr'><strong>triumphalia</strong></span> <span class='ocrx_word' id='word_1_50' title='bbox 1666 1357 1758 1424; x_wconf 88' lang='lat' dir='ltr'><strong>adire</strong></span> 
     </span>
     <span class='ocr_line' id='line_1_7' title="bbox 426 1456 1758 1542; baseline 0.004 -18"><span class='ocrx_word' id='word_1_51' title='bbox 426 1479 489 1524; x_wconf 93' lang='lat' dir='ltr'><strong>non</strong></span> <span class='ocrx_word' id='word_1_52' title='bbox 513 1463 703 1542; x_wconf 88' lang='lat' dir='ltr'><strong>aspernatus</strong></span> <span class='ocrx_word' id='word_1_53' title='bbox 726 1462 776 1521; x_wconf 90' lang='grc'><strong>551</strong></span> <span class='ocrx_word' id='word_1_54' title='bbox 791 1456 926 1536; x_wconf 82' lang='lat' dir='ltr'><strong>Plinius,</strong></span> <span class='ocrx_word' id='word_1_55' title='bbox 951 1458 1149 1540; x_wconf 81' lang='grc'>5555511515</span> <span class='ocrx_word' id='word_1_56' title='bbox 1171 1457 1257 1522; x_wconf 87' lang='lat' dir='ltr'><strong>inter</strong></span> <span class='ocrx_word' id='word_1_57' title='bbox 1279 1456 1384 1523; x_wconf 85' lang='lat' dir='ltr'><strong>fontes</strong></span> <span class='ocrx_word' id='word_1_58' title='bbox 1402 1466 1642 1528; x_wconf 77' lang='lat' dir='ltr'><strong>enumerantur.</strong></span> <span class='ocrx_word' id='word_1_59' title='bbox 1687 1470 1758 1530; x_wconf 88' lang='lat' dir='ltr'><strong>tota</strong></span> 
     </span>
     <span class='ocr_line' id='line_1_8' title="bbox 426 1564 1757 1653; baseline 0.004 -22"><span class='ocrx_word' id='word_1_60' title='bbox 426 1568 534 1631; x_wconf 80' lang='lat' dir='ltr'><strong>autem</strong></span> <span class='ocrx_word' id='word_1_61' title='bbox 549 1565 694 1630; x_wconf 89' lang='lat' dir='ltr'><strong>narratio</strong></span> <span class='ocrx_word' id='word_1_62' title='bbox 709 1564 784 1630; x_wconf 89' lang='lat' dir='ltr'><strong>inde</strong></span> <span class='ocrx_word' id='word_1_63' title='bbox 800 1586 819 1629; x_wconf 90' lang='lat' dir='ltr'><strong>a</strong></span> <span class='ocrx_word' id='word_1_64' title='bbox 834 1564 854 1653; x_wconf 68' lang='grc' dir='ltr'>ξ</span> <span class='ocrx_word' id='word_1_65' title='bbox 870 1567 912 1634; x_wconf 89' lang='grc'><strong>35</strong></span> <span class='ocrx_word' id='word_1_66' title='bbox 929 1585 1002 1630; x_wconf 91' lang='lat' dir='ltr'><strong>curn</strong></span> <span class='ocrx_word' id='word_1_67' title='bbox 1019 1585 1095 1630; x_wconf 90' lang='lat' dir='ltr'><strong>orae</strong></span> <span class='ocrx_word' id='word_1_68' title='bbox 1116 1564 1330 1649; x_wconf 80' lang='lat' dir='ltr'><strong>descriptione</strong></span> <span class='ocrx_word' id='word_1_69' title='bbox 1344 1586 1408 1631; x_wconf 93' lang='lat' dir='ltr'><strong>non</strong></span> <span class='ocrx_word' id='word_1_70' title='bbox 1424 1566 1595 1633; x_wconf 88' lang='lat' dir='ltr'><strong>coniuncta</strong></span> <span class='ocrx_word' id='word_1_71' title='bbox 1617 1577 1677 1637; x_wconf 90' lang='grc'>551.</span> <span class='ocrx_word' id='word_1_72' title='bbox 1723 1572 1757 1636; x_wconf 91' lang='grc'><strong>15</strong></span> 
     </span>
     <span class='ocr_line' id='line_1_9' title="bbox 424 1670 1757 1759; baseline 0.004 -22"><span class='ocrx_word' id='word_1_73' title='bbox 424 1673 581 1759; x_wconf 86' lang='lat' dir='ltr'><strong>periegesi</strong></span> <span class='ocrx_word' id='word_1_74' title='bbox 637 1672 720 1737; x_wconf 86' lang='lat' dir='ltr'><strong>enim</strong></span> <span class='ocrx_word' id='word_1_75' title='bbox 778 1672 861 1737; x_wconf 89' lang='grc'>51155</span> <span class='ocrx_word' id='word_1_76' title='bbox 906 1678 1017 1755; x_wconf 85' lang='lat' dir='ltr'><strong>gentes</strong></span> <span class='ocrx_word' id='word_1_77' title='bbox 1062 1670 1260 1737; x_wconf 87' lang='lat' dir='ltr'><strong>Phazaniam</strong></span> <span class='ocrx_word' id='word_1_78' title='bbox 1304 1678 1551 1755; x_wconf 82' lang='lat' dir='ltr'><strong>occupaverunt,</strong></span> <span class='ocrx_word' id='word_1_79' title='bbox 1591 1675 1631 1743; x_wconf 88' lang='lat' dir='ltr'><strong>cf.</strong></span> <span class='ocrx_word' id='word_1_80' title='bbox 1671 1676 1757 1742; x_wconf 88' lang='lat' dir='ltr'><strong>iufra</strong></span> 
     </span>
     <span class='ocr_line' id='line_1_10' title="bbox 424 1786 593 1866; baseline -0.012 -17"><span class='ocrx_word' id='word_1_81' title='bbox 424 1804 457 1866; x_wconf 89' lang='lat' dir='ltr'><strong>p.</strong></span> <span class='ocrx_word' id='word_1_82' title='bbox 474 1786 593 1864; x_wconf 83' lang='grc'>15455.</span> 
     </span>
    </p>

    <p class='ocr_par' dir='ltr' id='par_1_4' title="bbox 364 1884 1757 3147">
     <span class='ocr_line' id='line_1_11' title="bbox 532 1884 1756 1973; baseline 0.002 -22"><span class='ocrx_word' id='word_1_83' title='bbox 532 1887 682 1971; x_wconf 89' lang='lat' dir='ltr'><strong>quoniam</strong></span> <span class='ocrx_word' id='word_1_84' title='bbox 713 1892 822 1951; x_wconf 90' lang='lat' dir='ltr'><strong>autem</strong></span> <span class='ocrx_word' id='word_1_85' title='bbox 845 1907 866 1951; x_wconf 89' lang='lat' dir='ltr'><strong>a</strong></span> <span class='ocrx_word' id='word_1_86' title='bbox 888 1886 1046 1970; x_wconf 82' lang='lat' dir='ltr'><strong>periegesi</strong></span> <span class='ocrx_word' id='word_1_87' title='bbox 1078 1890 1230 1964; x_wconf 80' lang='lat' dir='ltr'><strong>evagatus</strong></span> <span class='ocrx_word' id='word_1_88' title='bbox 1261 1891 1310 1950; x_wconf 89' lang='lat' dir='ltr'><strong>est</strong></span> <span class='ocrx_word' id='word_1_89' title='bbox 1341 1884 1476 1965; x_wconf 91' lang='lat' dir='ltr'><strong>Plinius,</strong></span> <span class='ocrx_word' id='word_1_90' title='bbox 1510 1886 1600 1952; x_wconf 89' lang='lat' dir='ltr'><strong>aliud</strong></span> <span class='ocrx_word' id='word_1_91' title='bbox 1629 1910 1756 1973; x_wconf 91' lang='lat' dir='ltr'><strong>qnoque</strong></span> 
     </span>
     <span class='ocr_line' id='line_1_12' title="bbox 424 1989 1757 2074; baseline -0.001 -14"><span class='ocrx_word' id='word_1_92' title='bbox 424 1993 682 2060; x_wconf 89' lang='lat' dir='ltr'><strong>additamentum</strong></span> <span class='ocrx_word' id='word_1_93' title='bbox 697 2012 762 2058; x_wconf 90' lang='lat' dir='ltr'><strong>uno</strong></span> <span class='ocrx_word' id='word_1_94' title='bbox 778 1997 886 2057; x_wconf 90' lang='lat' dir='ltr'><strong>tractu</strong></span> <span class='ocrx_word' id='word_1_95' title='bbox 900 1991 1075 2074; x_wconf 85' lang='lat' dir='ltr'><strong>adiungere</strong></span> <span class='ocrx_word' id='word_1_96' title='bbox 1090 2011 1154 2055; x_wconf 93' lang='grc'><strong>555</strong></span> <span class='ocrx_word' id='word_1_97' title='bbox 1168 1989 1344 2056; x_wconf 87' lang='lat' dir='ltr'><strong>dubitavit:</strong></span> <span class='ocrx_word' id='word_1_98' title='bbox 1362 1995 1393 2070; x_wconf 93' lang='lat'><strong>5,</strong></span> <span class='ocrx_word' id='word_1_99' title='bbox 1405 1994 1448 2061; x_wconf 87' lang='grc'><strong>38</strong></span> <span class='ocrx_word' id='word_1_100' title='bbox 1463 1991 1504 2056; x_wconf 86' lang='lat' dir='ltr'><strong>de</strong></span> <span class='ocrx_word' id='word_1_101' title='bbox 1520 1989 1757 2059; x_wconf 81' lang='lat' dir='ltr'><strong>Garamantum</strong></span> 
     </span>
     <span class='ocr_line' id='line_1_13' title="bbox 425 2097 1756 2185; baseline 0.001 -19"><span class='ocrx_word' id='word_1_102' title='bbox 425 2122 495 2166; x_wconf 88' lang='lat' dir='ltr'><strong>cum</strong></span> <span class='ocrx_word' id='word_1_103' title='bbox 520 2098 700 2167; x_wconf 83' lang='lat' dir='ltr'><strong>Oeensibus</strong></span> <span class='ocrx_word' id='word_1_104' title='bbox 724 2097 809 2163; x_wconf 92' lang='lat' dir='ltr'><strong>bello</strong></span> <span class='ocrx_word' id='word_1_105' title='bbox 833 2098 992 2182; x_wconf 90' lang='lat' dir='ltr'><strong>quaedam</strong></span> <span class='ocrx_word' id='word_1_106' title='bbox 1009 2097 1198 2182; x_wconf 89' lang='lat' dir='ltr'><strong>appendicis</strong></span> <span class='ocrx_word' id='word_1_107' title='bbox 1221 2097 1291 2163; x_wconf 92' lang='lat' dir='ltr'><strong>loco</strong></span> <span class='ocrx_word' id='word_1_108' title='bbox 1314 2098 1442 2165; x_wconf 89' lang='lat' dir='ltr'><strong>adiecta</strong></span> <span class='ocrx_word' id='word_1_109' title='bbox 1466 2107 1550 2170; x_wconf 87' lang='lat' dir='ltr'><strong>sunt.</strong></span> <span class='ocrx_word' id='word_1_110' title='bbox 1595 2122 1659 2185; x_wconf 92' lang='lat' dir='ltr'><strong>qno</strong></span> <span class='ocrx_word' id='word_1_111' title='bbox 1681 2123 1756 2168; x_wconf 86' lang='lat' dir='ltr'><strong>vero</strong></span> 
     </span>
     <span class='ocr_line' id='line_1_14' title="bbox 364 2203 1756 2291; baseline 0 -17"><span class='ocrx_word' id='word_1_112' title='bbox 364 2281 366 2285; x_wconf 22' lang='lat'><strong><em>¹</em></strong></span> <span class='ocrx_word' id='word_1_113' title='bbox 424 2215 556 2274; x_wconf 81' lang='lat' dir='ltr'><strong>auctore</strong></span> <span class='ocrx_word' id='word_1_114' title='bbox 578 2206 706 2270; x_wconf 90' lang='lat' dir='ltr'><strong>Plinius</strong></span> <span class='ocrx_word' id='word_1_115' title='bbox 737 2205 817 2270; x_wconf 89' lang='lat' dir='ltr'><strong>haec</strong></span> <span class='ocrx_word' id='word_1_116' title='bbox 839 2203 1021 2289; x_wconf 88' lang='lat' dir='ltr'><strong>prodiderit</strong></span> <span class='ocrx_word' id='word_1_117' title='bbox 1043 2205 1160 2287; x_wconf 90' lang='lat' dir='ltr'><strong>nescio,</strong></span> <span class='ocrx_word' id='word_1_118' title='bbox 1193 2204 1255 2269; x_wconf 90' lang='lat' dir='ltr'><strong>uisi</strong></span> <span class='ocrx_word' id='word_1_119' title='bbox 1278 2205 1366 2288; x_wconf 91' lang='lat' dir='ltr'><strong>quod</strong></span> <span class='ocrx_word' id='word_1_120' title='bbox 1397 2207 1424 2271; x_wconf 92' lang='lat' dir='ltr'><strong>si</strong></span> <span class='ocrx_word' id='word_1_121' title='bbox 1447 2228 1487 2272; x_wconf 92' lang='lat' dir='ltr'><strong>ex</strong></span> <span class='ocrx_word' id='word_1_122' title='bbox 1509 2206 1592 2272; x_wconf 92' lang='lat' dir='ltr'><strong>libro</strong></span> <span class='ocrx_word' id='word_1_123' title='bbox 1615 2207 1756 2291; x_wconf 88' lang='lat' dir='ltr'><strong>quodam</strong></span> 
     </span>
     <span class='ocr_line' id='line_1_15' title="bbox 425 2311 1754 2400; baseline 0.002 -23"><span class='ocrx_word' id='word_1_124' title='bbox 425 2313 543 2378; x_wconf 89' lang='lat' dir='ltr'><strong>hausta</strong></span> <span class='ocrx_word' id='word_1_125' title='bbox 582 2317 666 2390; x_wconf 87' lang='lat' dir='ltr'><strong>suut,</strong></span> <span class='ocrx_word' id='word_1_126' title='bbox 709 2331 749 2377; x_wconf 87' lang='lat' dir='ltr'><strong>ex</strong></span> <span class='ocrx_word' id='word_1_127' title='bbox 782 2311 883 2377; x_wconf 84' lang='lat' dir='ltr'><strong>latino</strong></span> <span class='ocrx_word' id='word_1_128' title='bbox 916 2318 1138 2391; x_wconf 83' lang='lat' dir='ltr'><strong>manaverunt,</strong></span> <span class='ocrx_word' id='word_1_129' title='bbox 1173 2312 1213 2378; x_wconf 87' lang='lat' dir='ltr'><strong>cf.</strong></span> <span class='ocrx_word' id='word_1_130' title='bbox 1249 2334 1364 2377; x_wconf 87' lang='lat' dir='ltr'><strong>nomen</strong></span> <span class='ocrx_word' id='word_1_131' title='bbox 1397 2314 1524 2378; x_wconf 76' lang='lat' dir='ltr'><strong>Praeter</strong></span> <span class='ocrx_word' id='word_1_132' title='bbox 1555 2327 1647 2400; x_wconf 83' lang='lat' dir='ltr'><strong>caput</strong></span> <span class='ocrx_word' id='word_1_133' title='bbox 1678 2319 1754 2379; x_wconf 80' lang='grc'>5551.</span> 
     </span>
     <span class='ocr_line' id='line_1_16' title="bbox 424 2416 1755 2503; baseline 0.002 -19"><span class='ocrx_word' id='word_1_134' title='bbox 424 2419 504 2485; x_wconf 90' lang='lat' dir='ltr'><strong>haec</strong></span> <span class='ocrx_word' id='word_1_135' title='bbox 519 2420 620 2503; x_wconf 84' lang='lat' dir='ltr'><strong>igitur</strong></span> <span class='ocrx_word' id='word_1_136' title='bbox 641 2419 731 2502; x_wconf 90' lang='lat' dir='ltr'><strong>prius</strong></span> <span class='ocrx_word' id='word_1_137' title='bbox 747 2419 922 2483; x_wconf 88' lang='lat' dir='ltr'><strong>resecanda</strong></span> <span class='ocrx_word' id='word_1_138' title='bbox 945 2416 1086 2484; x_wconf 89' lang='lat' dir='ltr'><strong>fuerunt.</strong></span> <span class='ocrx_word' id='word_1_139' title='bbox 1133 2418 1197 2483; x_wconf 92' lang='lat' dir='ltr'><strong>iam</strong></span> <span class='ocrx_word' id='word_1_140' title='bbox 1221 2419 1349 2502; x_wconf 91' lang='lat' dir='ltr'><strong>reliqua</strong></span> <span class='ocrx_word' id='word_1_141' title='bbox 1363 2420 1537 2489; x_wconf 86' lang='lat' dir='ltr'><strong>videamus.</strong></span> <span class='ocrx_word' id='word_1_142' title='bbox 1583 2421 1623 2487; x_wconf 90' lang='lat' dir='ltr'><strong>de</strong></span> <span class='ocrx_word' id='word_1_143' title='bbox 1640 2421 1755 2488; x_wconf 84' lang='lat' dir='ltr'><strong>Africa</strong></span> 
     </span>
     <span class='ocr_line' id='line_1_17' title="bbox 424 2523 1755 2613; baseline 0.002 -22"><span class='ocrx_word' id='word_1_144' title='bbox 424 2524 572 2607; x_wconf 86' lang='lat' dir='ltr'><strong>Asiaque</strong></span> <span class='ocrx_word' id='word_1_145' title='bbox 587 2523 718 2591; x_wconf 90' lang='lat' dir='ltr'><strong>tabulas</strong></span> <span class='ocrx_word' id='word_1_146' title='bbox 741 2525 903 2590; x_wconf 90' lang='lat' dir='ltr'><strong>censorias</strong></span> <span class='ocrx_word' id='word_1_147' title='bbox 918 2546 982 2590; x_wconf 90' lang='lat' dir='ltr'><strong>non</strong></span> <span class='ocrx_word' id='word_1_148' title='bbox 1005 2524 1047 2589; x_wconf 90' lang='lat' dir='ltr'><strong>ab</strong></span> <span class='ocrx_word' id='word_1_149' title='bbox 1064 2525 1225 2609; x_wconf 81' lang='lat' dir='ltr'><strong>Augusto,</strong></span> <span class='ocrx_word' id='word_1_150' title='bbox 1250 2524 1307 2590; x_wconf 87' lang='lat' dir='ltr'><strong>sed</strong></span> <span class='ocrx_word' id='word_1_151' title='bbox 1330 2525 1372 2591; x_wconf 92' lang='lat' dir='ltr'><strong>ab</strong></span> <span class='ocrx_word' id='word_1_152' title='bbox 1389 2526 1540 2611; x_wconf 83' lang='lat' dir='ltr'><strong>Agrippa</strong></span> <span class='ocrx_word' id='word_1_153' title='bbox 1561 2530 1755 2613; x_wconf 89' lang='lat' dir='ltr'><strong>compositas</strong></span> 
     </span>
     <span class='ocr_line' id='line_1_18' title="bbox 422 2628 1754 2716; baseline 0.003 -19"><span class='ocrx_word' id='word_1_154' title='bbox 422 2632 523 2697; x_wconf 83' lang='lat' dir='ltr'><strong>fnisse</strong></span> <span class='ocrx_word' id='word_1_155' title='bbox 550 2651 649 2716; x_wconf 89' lang='lat' dir='ltr'><strong>snpra</strong></span> <span class='ocrx_word' id='word_1_156' title='bbox 671 2630 810 2698; x_wconf 83' lang='lat' dir='ltr'><strong>Ountzio</strong></span> <span class='ocrx_word' id='word_1_157' title='bbox 836 2631 1027 2715; x_wconf 88' lang='lat' dir='ltr'><strong>adstipulati</strong></span> <span class='ocrx_word' id='word_1_158' title='bbox 1059 2629 1212 2712; x_wconf 59' lang='grc'>5551551).</span> <span class='ocrx_word' id='word_1_159' title='bbox 1258 2628 1379 2696; x_wconf 87' lang='lat' dir='ltr'><strong>ibidem</strong></span> <span class='ocrx_word' id='word_1_160' title='bbox 1410 2652 1465 2698; x_wconf 89' lang='lat' dir='ltr'><strong>eas</strong></span> <span class='ocrx_word' id='word_1_161' title='bbox 1494 2654 1516 2698; x_wconf 90' lang='lat' dir='ltr'><strong>a</strong></span> <span class='ocrx_word' id='word_1_162' title='bbox 1545 2633 1651 2701; x_wconf 90' lang='lat' dir='ltr'><strong>Plinio</strong></span> <span class='ocrx_word' id='word_1_163' title='bbox 1681 2656 1754 2701; x_wconf 92' lang='lat' dir='ltr'><strong>cnm</strong></span> 
     </span>
     <span class='ocr_line' id='line_1_19' title="bbox 422 2738 1755 2823; baseline 0.002 -19"><span class='ocrx_word' id='word_1_164' title='bbox 422 2738 504 2805; x_wconf 86' lang='lat' dir='ltr'><strong>alius</strong></span> <span class='ocrx_word' id='word_1_165' title='bbox 529 2739 671 2804; x_wconf 89' lang='lat' dir='ltr'><strong>auctoris</strong></span> <span class='ocrx_word' id='word_1_166' title='bbox 705 2740 891 2805; x_wconf 86' lang='lat' dir='ltr'><strong>narratione</strong></span> <span class='ocrx_word' id='word_1_167' title='bbox 926 2739 1113 2804; x_wconf 88' lang='lat' dir='ltr'><strong>coniunctas</strong></span> <span class='ocrx_word' id='word_1_168' title='bbox 1147 2738 1222 2803; x_wconf 91' lang='lat' dir='ltr'><strong>inde</strong></span> <span class='ocrx_word' id='word_1_169' title='bbox 1257 2738 1480 2819; x_wconf 79' lang='lat' dir='ltr'><strong>conclusimus,</strong></span> <span class='ocrx_word' id='word_1_170' title='bbox 1517 2740 1605 2823; x_wconf 92' lang='lat' dir='ltr'><strong>quod</strong></span> <span class='ocrx_word' id='word_1_171' title='bbox 1637 2738 1755 2807; x_wconf 77' lang='lat' dir='ltr'><strong>Castra</strong></span> 
     </span>
     <span class='ocr_line' id='line_1_20' title="bbox 424 2844 1754 2925; baseline 0.002 -14"><span class='ocrx_word' id='word_1_172' title='bbox 424 2845 577 2913; x_wconf 78' lang='lat' dir='ltr'><strong>Cornelia</strong></span> <span class='ocrx_word' id='word_1_173' title='bbox 606 2851 639 2911; x_wconf 91' lang='grc'><strong>51</strong></span> <span class='ocrx_word' id='word_1_174' title='bbox 669 2847 703 2911; x_wconf 91' lang='grc'><strong>15</strong></span> <span class='ocrx_word' id='word_1_175' title='bbox 733 2867 773 2911; x_wconf 92' lang='grc'><strong>55</strong></span> <span class='ocrx_word' id='word_1_176' title='bbox 804 2852 837 2911; x_wconf 88' lang='grc'><strong>51</strong></span> <span class='ocrx_word' id='word_1_177' title='bbox 867 2846 900 2911; x_wconf 87' lang='grc'><strong>15</strong></span> <span class='ocrx_word' id='word_1_178' title='bbox 932 2844 1053 2911; x_wconf 89' lang='lat' dir='ltr'><strong>tabulis</strong></span> <span class='ocrx_word' id='word_1_179' title='bbox 1083 2844 1286 2910; x_wconf 84' lang='lat' dir='ltr'><strong>referuntur:</strong></span> <span class='ocrx_word' id='word_1_180' title='bbox 1311 2848 1342 2925; x_wconf 96' lang='grc'><strong>5,</strong></span> <span class='ocrx_word' id='word_1_181' title='bbox 1358 2846 1411 2913; x_wconf 82' lang='grc'><strong>24.</strong></span> <span class='ocrx_word' id='word_1_182' title='bbox 1436 2847 1489 2914; x_wconf 81' lang='lat'><strong>29.</strong></span> <span class='ocrx_word' id='word_1_183' title='bbox 1536 2867 1594 2913; x_wconf 88' lang='lat' dir='ltr'><strong>nec</strong></span> <span class='ocrx_word' id='word_1_184' title='bbox 1615 2868 1680 2914; x_wconf 93' lang='lat' dir='ltr'><strong>non</strong></span> <span class='ocrx_word' id='word_1_185' title='bbox 1703 2848 1754 2913; x_wconf 88' lang='lat' dir='ltr'><strong>bis</strong></span> 
     </span>
     <span class='ocr_line' id='line_1_21' title="bbox 421 2950 1754 3037; baseline 0.002 -17"><span class='ocrx_word' id='word_1_186' title='bbox 421 2953 564 3022; x_wconf 91' lang='lat' dir='ltr'><strong>Plinium</strong></span> <span class='ocrx_word' id='word_1_187' title='bbox 605 2953 649 3019; x_wconf 94' lang='lat' dir='ltr'><strong>ad</strong></span> <span class='ocrx_word' id='word_1_188' title='bbox 687 2952 948 3037; x_wconf 83' lang='lat' dir='ltr'><strong>amplificandam</strong></span> <span class='ocrx_word' id='word_1_189' title='bbox 986 2951 1229 3037; x_wconf 85' lang='lat' dir='ltr'><strong>augendamque</strong></span> <span class='ocrx_word' id='word_1_190' title='bbox 1267 2950 1515 3036; x_wconf 86' lang='lat' dir='ltr'><strong>descriptionem</strong></span> <span class='ocrx_word' id='word_1_191' title='bbox 1552 2974 1647 3020; x_wconf 93' lang='lat' dir='ltr'><strong>usum</strong></span> <span class='ocrx_word' id='word_1_192' title='bbox 1685 2976 1754 3022; x_wconf 89' lang='lat' dir='ltr'><strong>esse</strong></span> 
     </span>
     <span class='ocr_line' id='line_1_22' title="bbox 422 3063 585 3147; baseline 0 -19"><span class='ocrx_word' id='word_1_193' title='bbox 422 3063 585 3147; x_wconf 88' lang='lat' dir='ltr'><strong>apparuit.</strong></span> 
     </span>
    </p>

    <p class='ocr_par' dir='ltr' id='par_1_5' title="bbox 420 3166 1753 3679">
     <span class='ocr_line' id='line_1_23' title="bbox 528 3166 1753 3252; baseline 0 -19"><span class='ocrx_word' id='word_1_194' title='bbox 528 3170 594 3234; x_wconf 90' lang='lat' dir='ltr'><strong>iam</strong></span> <span class='ocrx_word' id='word_1_195' title='bbox 619 3172 650 3247; x_wconf 95' lang='lat'><strong>5,</strong></span> <span class='ocrx_word' id='word_1_196' title='bbox 667 3172 740 3252; x_wconf 84' lang='lat' dir='ltr'><strong>2sq.</strong></span> <span class='ocrx_word' id='word_1_197' title='bbox 787 3166 935 3234; x_wconf 87' lang='lat' dir='ltr'><strong>Romano</strong></span> <span class='ocrx_word' id='word_1_198' title='bbox 957 3167 1084 3232; x_wconf 91' lang='lat' dir='ltr'><strong>auctori</strong></span> <span class='ocrx_word' id='word_1_199' title='bbox 1106 3166 1217 3232; x_wconf 89' lang='lat' dir='ltr'><strong>deberi</strong></span> <span class='ocrx_word' id='word_1_200' title='bbox 1239 3186 1297 3251; x_wconf 87' lang='lat' dir='ltr'><strong>per</strong></span> <span class='ocrx_word' id='word_1_201' title='bbox 1320 3187 1355 3232; x_wconf 90' lang='grc'><strong>55</strong></span> <span class='ocrx_word' id='word_1_202' title='bbox 1377 3167 1549 3233; x_wconf 86' lang='lat' dir='ltr'><strong>verisimile</strong></span> <span class='ocrx_word' id='word_1_203' title='bbox 1572 3174 1630 3250; x_wconf 88' lang='grc'>551,</span> <span class='ocrx_word' id='word_1_204' title='bbox 1657 3189 1753 3252; x_wconf 91' lang='lat' dir='ltr'><strong>prae-</strong></span> 
     </span>
     <span class='ocr_line' id='line_1_24' title="bbox 422 3271 1753 3357; baseline 0.001 -17"><span class='ocrx_word' id='word_1_205' title='bbox 422 3275 533 3341; x_wconf 87' lang='lat' dir='ltr'><strong>sertim</strong></span> <span class='ocrx_word' id='word_1_206' title='bbox 556 3295 629 3338; x_wconf 90' lang='lat' dir='ltr'><strong>cum</strong></span> <span class='ocrx_word' id='word_1_207' title='bbox 653 3272 811 3357; x_wconf 88' lang='lat' dir='ltr'><strong>quaedam</strong></span> <span class='ocrx_word' id='word_1_208' title='bbox 834 3294 908 3338; x_wconf 87' lang='lat' dir='ltr'><strong>cnm</strong></span> <span class='ocrx_word' id='word_1_209' title='bbox 932 3271 1019 3336; x_wconf 85' lang='lat' dir='ltr'><strong>Mela</strong></span> <span class='ocrx_word' id='word_1_210' title='bbox 1045 3272 1123 3337; x_wconf 85' lang='lat' dir='ltr'><strong>licet</strong></span> <span class='ocrx_word' id='word_1_211' title='bbox 1145 3272 1260 3356; x_wconf 83' lang='lat' dir='ltr'><strong>exigua</strong></span> <span class='ocrx_word' id='word_1_212' title='bbox 1287 3272 1331 3337; x_wconf 89' lang='lat' dir='ltr'><strong>sit</strong></span> <span class='ocrx_word' id='word_1_213' title='bbox 1353 3271 1505 3338; x_wconf 84' lang='lat' dir='ltr'><strong>affinitas.</strong></span> <span class='ocrx_word' id='word_1_214' title='bbox 1551 3275 1608 3357; x_wconf 93' lang='lat' dir='ltr'><strong>qui</strong></span> <span class='ocrx_word' id='word_1_215' title='bbox 1635 3274 1663 3338; x_wconf 92' lang='lat' dir='ltr'><strong>si</strong></span> <span class='ocrx_word' id='word_1_216' title='bbox 1690 3296 1753 3341; x_wconf 93' lang='grc'><strong>555</strong></span> 
     </span>
     <span class='ocr_line' id='line_1_25' title="bbox 421 3377 1752 3466; baseline -0.001 -19"><span class='ocrx_word' id='word_1_217' title='bbox 421 3382 516 3463; x_wconf 88' lang='lat' dir='ltr'><strong>idem,</strong></span> <span class='ocrx_word' id='word_1_218' title='bbox 540 3388 685 3446; x_wconf 88' lang='lat' dir='ltr'><strong>atcerte</strong></span> <span class='ocrx_word' id='word_1_219' title='bbox 708 3378 796 3444; x_wconf 88' lang='lat' dir='ltr'><strong>haud</strong></span> <span class='ocrx_word' id='word_1_220' title='bbox 820 3379 984 3445; x_wconf 89' lang='lat' dir='ltr'><strong>dissimilis</strong></span> <span class='ocrx_word' id='word_1_221' title='bbox 1007 3379 1149 3444; x_wconf 88' lang='grc'>5515155</span> <span class='ocrx_word' id='word_1_222' title='bbox 1172 3400 1267 3462; x_wconf 87' lang='lat' dir='ltr'><strong>quern</strong></span> <span class='ocrx_word' id='word_1_223' title='bbox 1289 3379 1323 3443; x_wconf 92' lang='lat' dir='ltr'><strong>in</strong></span> <span class='ocrx_word' id='word_1_224' title='bbox 1344 3377 1525 3464; x_wconf 87' lang='lat' dir='ltr'><strong>Hispaniae</strong></span> <span class='ocrx_word' id='word_1_225' title='bbox 1547 3401 1603 3446; x_wconf 90' lang='lat' dir='ltr'><strong>ora</strong></span> <span class='ocrx_word' id='word_1_226' title='bbox 1627 3387 1752 3466; x_wconf 90' lang='lat' dir='ltr'><strong>septen·</strong></span> 
     </span>
     <span class='ocr_line' id='line_1_26' title="bbox 420 3485 1752 3571; baseline -0.002 -17"><span class='ocrx_word' id='word_1_227' title='bbox 420 3489 553 3555; x_wconf 89' lang='lat' dir='ltr'><strong>trionali</strong></span> <span class='ocrx_word' id='word_1_228' title='bbox 577 3486 704 3553; x_wconf 91' lang='lat' dir='ltr'><strong>Plinius</strong></span> <span class='ocrx_word' id='word_1_229' title='bbox 729 3493 857 3550; x_wconf 87' lang='lat' dir='ltr'><strong>secutus</strong></span> <span class='ocrx_word' id='word_1_230' title='bbox 881 3491 940 3551; x_wconf 86' lang='lat' dir='ltr'><strong>est.</strong></span> <span class='ocrx_word' id='word_1_231' title='bbox 984 3507 1059 3550; x_wconf 86' lang='lat' dir='ltr'><strong>nam</strong></span> <span class='ocrx_word' id='word_1_232' title='bbox 1084 3485 1305 3549; x_wconf 90' lang='lat' dir='ltr'><strong>commentarii</strong></span> <span class='ocrx_word' id='word_1_233' title='bbox 1334 3486 1471 3550; x_wconf 89' lang='lat' dir='ltr'><strong>censorii</strong></span> <span class='ocrx_word' id='word_1_234' title='bbox 1502 3486 1536 3550; x_wconf 91' lang='lat' dir='ltr'><strong>in</strong></span> <span class='ocrx_word' id='word_1_235' title='bbox 1568 3488 1671 3571; x_wconf 91' lang='lat' dir='ltr'><strong>ipsam</strong></span> <span class='ocrx_word' id='word_1_236' title='bbox 1699 3487 1752 3552; x_wconf 92' lang='lat' dir='ltr'><strong>de·</strong></span> 
     </span>
     <span class='ocr_line' id='line_1_27' title="bbox 421 3588 1750 3679; baseline -0.003 -18"><span class='ocrx_word' id='word_1_237' title='bbox 421 3596 628 3679; x_wconf 85' lang='lat' dir='ltr'><strong>scriptionem</strong></span> <span class='ocrx_word' id='word_1_238' title='bbox 652 3615 692 3658; x_wconf 89' lang='lat' dir='ltr'><strong>ex</strong></span> <span class='ocrx_word' id='word_1_239' title='bbox 706 3600 800 3677; x_wconf 87' lang='lat' dir='ltr'><strong>parte</strong></span> <span class='ocrx_word' id='word_1_240' title='bbox 823 3592 944 3675; x_wconf 88' lang='lat' dir='ltr'><strong>recepti</strong></span> <span class='ocrx_word' id='word_1_241' title='bbox 967 3599 1043 3656; x_wconf 90' lang='grc'>5551</span> <span class='ocrx_word' id='word_1_242' title='bbox 1058 3597 1156 3674; x_wconf 89' lang='grc'>51555</span> <span class='ocrx_word' id='word_1_243' title='bbox 1179 3591 1277 3655; x_wconf 85' lang='lat' dir='ltr'><strong>etiam</strong></span> <span class='ocrx_word' id='word_1_244' title='bbox 1293 3588 1492 3673; x_wconf 88' lang='lat' dir='ltr'><strong>amplificati.</strong></span> <span class='ocrx_word' id='word_1_245' title='bbox 1538 3612 1643 3675; x_wconf 89' lang='lat' dir='ltr'><strong>neque</strong></span> <span class='ocrx_word' id='word_1_246' title='bbox 1667 3593 1750 3657; x_wconf 91' lang='lat' dir='ltr'><strong>enim</strong></span> 
     </span>
    </p>
   </div>
   <div class='ocr_carea' id='block_1_2' title="bbox 420 3696 1883 3782">
    <p class='ocr_par' dir='ltr' id='par_1_6' title="bbox 420 3696 1883 3782">
     <span class='ocr_line' id='line_1_28' title="bbox 420 3696 1883 3782; baseline -0.004 -13"><span class='ocrx_word' id='word_1_247' title='bbox 420 3704 454 3768; x_wconf 95' lang='lat' dir='ltr'><strong>in</strong></span> <span class='ocrx_word' id='word_1_248' title='bbox 476 3702 598 3768; x_wconf 87' lang='lat' dir='ltr'><strong>tabulis</strong></span> <span class='ocrx_word' id='word_1_249' title='bbox 620 3698 801 3782; x_wconf 87' lang='lat' dir='ltr'><strong>Angusteis</strong></span> <span class='ocrx_word' id='word_1_250' title='bbox 825 3698 1067 3782; x_wconf 86' lang='lat' dir='ltr'><strong>Agrippeisque</strong></span> <span class='ocrx_word' id='word_1_251' title='bbox 1101 3696 1299 3762; x_wconf 91' lang='lat' dir='ltr'><strong>coloniarum</strong></span> <span class='ocrx_word' id='word_1_252' title='bbox 1331 3701 1445 3761; x_wconf 89' lang='lat' dir='ltr'><strong>auctor</strong></span> <span class='ocrx_word' id='word_1_253' title='bbox 1478 3696 1638 3761; x_wconf 84' lang='lat' dir='ltr'><strong>indicatus</strong></span> <span class='ocrx_word' id='word_1_254' title='bbox 1670 3703 1751 3766; x_wconf 88' lang='lat' dir='ltr'><strong>erat.</strong></span> <span class='ocrx_word' id='word_1_255' title='bbox 1881 3702 1883 3709; x_wconf 82' lang='grc'><em>’</em></span> 
     </span>
    </p>
   </div>
   <div class='ocr_carea' id='block_1_3' title="bbox 419 3801 1750 4317">
    <p class='ocr_par' dir='ltr' id='par_1_7' title="bbox 421 3801 1608 3892">
     <span class='ocr_line' id='line_1_29' title="bbox 421 3801 1608 3892; baseline -0.006 -17"><span class='ocrx_word' id='word_1_256' title='bbox 421 3809 545 3875; x_wconf 88' lang='lat' dir='ltr'><strong>accedit</strong></span> <span class='ocrx_word' id='word_1_257' title='bbox 568 3807 655 3892; x_wconf 89' lang='lat' dir='ltr'><strong>qnod</strong></span> <span class='ocrx_word' id='word_1_258' title='bbox 679 3807 719 3870; x_wconf 94' lang='lat' dir='ltr'><strong>de</strong></span> <span class='ocrx_word' id='word_1_259' title='bbox 743 3805 888 3870; x_wconf 88' lang='lat' dir='ltr'><strong>deductis</strong></span> <span class='ocrx_word' id='word_1_260' title='bbox 911 3804 1072 3888; x_wconf 85' lang='lat' dir='ltr'><strong>quaedam</strong></span> <span class='ocrx_word' id='word_1_261' title='bbox 1094 3802 1256 3887; x_wconf 86' lang='lat' dir='ltr'><strong>leguntur.</strong></span> <span class='ocrx_word' id='word_1_262' title='bbox 1302 3801 1450 3879; x_wconf 81' lang='lat' dir='ltr'><strong>conferas</strong></span> <span class='ocrx_word' id='word_1_263' title='bbox 1473 3823 1608 3886; x_wconf 88' lang='lat' dir='ltr'><strong>quaeso:</strong></span> 
     </span>
    </p>

    <p class='ocr_par' dir='ltr' id='par_1_8' title="bbox 420 3906 1750 4104">
     <span class='ocr_line' id='line_1_30' title="bbox 529 3906 1750 4000; baseline -0.002 -23"><span class='ocrx_word' id='word_1_264' title='bbox 529 3921 561 4000; x_wconf 84' lang='lat'><strong>5,</strong></span> <span class='ocrx_word' id='word_1_265' title='bbox 577 3918 598 3985; x_wconf 83' lang='lat'><strong>2</strong></span> <span class='ocrx_word' id='word_1_266' title='bbox 626 3913 716 3998; x_wconf 72' lang='lat' dir='ltr'><strong>Tinpi</strong></span> <span class='ocrx_word' id='word_1_267' title='bbox 738 3913 888 3997; x_wconf 80' lang='lat' dir='ltr'><strong>quondam</strong></span> <span class='ocrx_word' id='word_1_268' title='bbox 910 3912 949 3973; x_wconf 84' lang='lat' dir='ltr'><strong>ab</strong></span> <span class='ocrx_word' id='word_1_269' title='bbox 964 3911 1083 3974; x_wconf 81' lang='lat' dir='ltr'><strong>Antaeo</strong></span> <span class='ocrx_word' id='word_1_270' title='bbox 1098 3907 1294 3991; x_wconf 61' lang='grc'>5555115514),</span> <span class='ocrx_word' id='word_1_271' title='bbox 1312 3919 1416 3993; x_wconf 80' lang='lat' dir='ltr'><strong>postea</strong></span> <span class='ocrx_word' id='word_1_272' title='bbox 1439 3931 1458 3970; x_wconf 92' lang='grc'><strong>5</strong></span> <span class='ocrx_word' id='word_1_273' title='bbox 1476 3906 1601 3973; x_wconf 73' lang='grc'>(11155115</span> <span class='ocrx_word' id='word_1_274' title='bbox 1616 3908 1750 3985; x_wconf 77' lang='lat' dir='ltr'><strong>Caesare,</strong></span> 
     </span>
     <span class='ocr_line' id='line_1_31' title="bbox 420 4014 1295 4104; baseline -0.009 -20"><span class='ocrx_word' id='word_1_275' title='bbox 420 4044 485 4084; x_wconf 85' lang='lat' dir='ltr'><strong>cum</strong></span> <span class='ocrx_word' id='word_1_276' title='bbox 508 4020 651 4084; x_wconf 75' lang='grc'>5515151551</span> <span class='ocrx_word' id='word_1_277' title='bbox 667 4017 791 4104; x_wconf 79' lang='lat' dir='ltr'><strong>faceret,</strong></span> <span class='ocrx_word' id='word_1_278' title='bbox 815 4017 998 4103; x_wconf 82' lang='lat' dir='ltr'><strong>appellatum</strong></span> <span class='ocrx_word' id='word_1_279' title='bbox 1025 4015 1179 4078; x_wconf 83' lang='lat' dir='ltr'><strong>Traducta</strong></span> <span class='ocrx_word' id='word_1_280' title='bbox 1202 4014 1295 4078; x_wconf 80' lang='lat' dir='ltr'><strong>Iulia.</strong></span> 
     </span>
    </p>

    <p class='ocr_par' dir='ltr' id='par_1_9' title="bbox 419 4119 1750 4317">
     <span class='ocr_line' id='line_1_32' title="bbox 526 4119 1750 4208; baseline -0.007 -16"><span class='ocrx_word' id='word_1_281' title='bbox 526 4127 603 4193; x_wconf 92' lang='lat' dir='ltr'><strong>ibid.</strong></span> <span class='ocrx_word' id='word_1_282' title='bbox 639 4125 755 4190; x_wconf 86' lang='grc'>5515515</span> <span class='ocrx_word' id='word_1_283' title='bbox 770 4125 901 4208; x_wconf 63' lang='grc'>11555511</span> <span class='ocrx_word' id='word_1_284' title='bbox 923 4123 1006 4187; x_wconf 83' lang='lat' dir='ltr'><strong>Iulia</strong></span> <span class='ocrx_word' id='word_1_285' title='bbox 1022 4121 1196 4188; x_wconf 81' lang='grc'>0555155115</span> <span class='ocrx_word' id='word_1_286' title='bbox 1212 4119 1297 4184; x_wconf 77' lang='lat' dir='ltr'><strong>Zuld</strong></span> <span class='ocrx_word' id='word_1_287' title='bbox 1317 4142 1420 4206; x_wconf 73' lang='lat' dir='ltr'><strong>repam</strong></span> <span class='ocrx_word' id='word_1_288' title='bbox 1439 4121 1561 4185; x_wconf 72' lang='grc'>(11511551</span> <span class='ocrx_word' id='word_1_289' title='bbox 1582 4131 1717 4207; x_wconf 75' lang='lat' dir='ltr'><strong>eucarpio</strong></span> <span class='ocrx_word' id='word_1_290' title='bbox 1725 4120 1750 4190; x_wconf 72' lang='lat'><strong>⁵)</strong></span> 
     </span>
     <span class='ocr_line' id='line_1_33' title="bbox 419 4231 1005 4317; baseline -0.005 -20"><span class='ocrx_word' id='word_1_291' title='bbox 419 4245 447 4298; x_wconf 82' lang='grc'><strong>51</strong></span> <span class='ocrx_word' id='word_1_292' title='bbox 467 4235 537 4297; x_wconf 85' lang='lat' dir='ltr'><strong>iura</strong></span> <span class='ocrx_word' id='word_1_293' title='bbox 559 4235 593 4296; x_wconf 87' lang='grc'><strong>15</strong></span> <span class='ocrx_word' id='word_1_294' title='bbox 615 4233 777 4296; x_wconf 82' lang='lat' dir='ltr'><strong>Baeticam</strong></span> <span class='ocrx_word' id='word_1_295' title='bbox 794 4243 895 4317; x_wconf 84' lang='lat' dir='ltr'><strong>petere</strong></span> <span class='ocrx_word' id='word_1_296' title='bbox 915 4231 1005 4294; x_wconf 83' lang='grc'>15555.</span> 
     </span>
    </p>
   </div>
   <div class='ocr_carea' id='block_1_4' title="bbox 526 4332 1377 4421">
    <p class='ocr_par' dir='ltr' id='par_1_10' title="bbox 526 4332 1377 4421">
     <span class='ocr_line' id='line_1_34' title="bbox 526 4332 1377 4421; baseline -0.012 -15"><span class='ocrx_word' id='word_1_297' title='bbox 526 4341 604 4407; x_wconf 89' lang='lat' dir='ltr'><strong>ibid.</strong></span> <span class='ocrx_word' id='word_1_298' title='bbox 651 4341 764 4404; x_wconf 86' lang='grc'>5515515</span> <span class='ocrx_word' id='word_1_299' title='bbox 788 4361 808 4402; x_wconf 87' lang='grc'><strong>5</strong></span> <span class='ocrx_word' id='word_1_300' title='bbox 833 4336 960 4402; x_wconf 82' lang='lat' dir='ltr'><strong>Claudio</strong></span> <span class='ocrx_word' id='word_1_301' title='bbox 986 4336 1115 4400; x_wconf 77' lang='lat' dir='ltr'><strong>Caesare</strong></span> <span class='ocrx_word' id='word_1_302' title='bbox 1129 4334 1214 4421; x_wconf 76' lang='lat' dir='ltr'><strong>fucta</strong></span> <span class='ocrx_word' id='word_1_303' title='bbox 1236 4332 1377 4419; x_wconf 79' lang='lat' dir='ltr'><strong>Liaoa⁶).</strong></span> 
     </span>
    </p>
   </div>
   <div class='ocr_carea' id='block_1_5' title="bbox 528 4561 1750 4644">
    <p class='ocr_par' dir='ltr' id='par_1_11' title="bbox 528 4561 1750 4644">
     <span class='ocr_line' id='line_1_35' title="bbox 528 4561 1750 4644; baseline -0.007 -19"><span class='ocrx_word' id='word_1_304' title='bbox 528 4571 549 4640; x_wconf 83' lang='grc'><strong>1)</strong></span> <span class='ocrx_word' id='word_1_305' title='bbox 566 4571 634 4625; x_wconf 86' lang='lat' dir='ltr'><strong>item</strong></span> <span class='ocrx_word' id='word_1_306' title='bbox 647 4570 720 4624; x_wconf 87' lang='lat' dir='ltr'><strong>valet</strong></span> <span class='ocrx_word' id='word_1_307' title='bbox 732 4568 768 4623; x_wconf 88' lang='lat' dir='ltr'><strong>de</strong></span> <span class='ocrx_word' id='word_1_308' title='bbox 787 4569 811 4637; x_wconf 83' lang='lat'><strong>6,</strong></span> <span class='ocrx_word' id='word_1_309' title='bbox 824 4568 859 4624; x_wconf 87' lang='grc'><strong>89</strong></span> <span class='ocrx_word' id='word_1_310' title='bbox 878 4581 1001 4621; x_wconf 85' lang='lat' dir='ltr'><strong>marmor</strong></span> <span class='ocrx_word' id='word_1_311' title='bbox 1014 4564 1161 4622; x_wconf 73' lang='lat' dir='ltr'><strong>testudinis</strong></span> <span class='ocrx_word' id='word_1_312' title='bbox 1173 4563 1273 4620; x_wconf 80' lang='lat' dir='ltr'><strong>simile:</strong></span> <span class='ocrx_word' id='word_1_313' title='bbox 1293 4580 1363 4632; x_wconf 88' lang='grc'>5555</span> <span class='ocrx_word' id='word_1_314' title='bbox 1375 4577 1412 4618; x_wconf 86' lang='lat' dir='ltr'><strong>ex</strong></span> <span class='ocrx_word' id='word_1_315' title='bbox 1422 4561 1750 4644; x_wconf 79' lang='lat' dir='ltr'><strong>legatorumlndicornm</strong></span> 
     </span>
    </p>
   </div>
   <div class='ocr_carea' id='block_1_6' title="bbox 419 4660 1574 5088">
    <p class='ocr_par' dir='ltr' id='par_1_12' title="bbox 419 4660 1574 5088">
     <span class='ocr_line' id='line_1_36' title="bbox 419 4660 754 4730; baseline -0.012 -14"><span class='ocrx_word' id='word_1_316' title='bbox 419 4661 555 4716; x_wconf 85' lang='lat' dir='ltr'><strong>relatione</strong></span> <span class='ocrx_word' id='word_1_317' title='bbox 573 4660 663 4730; x_wconf 87' lang='lat' dir='ltr'><strong>petita</strong></span> <span class='ocrx_word' id='word_1_318' title='bbox 681 4663 754 4714; x_wconf 87' lang='grc'>5551.</span> 
     </span>
     <span class='ocr_line' id='line_1_37' title="bbox 526 4744 1147 4823; baseline -0.011 -18"><span class='ocrx_word' id='word_1_319' title='bbox 526 4750 549 4823; x_wconf 79' lang='lat'><strong>¹)</strong></span> <span class='ocrx_word' id='word_1_320' title='bbox 568 4750 603 4806; x_wconf 89' lang='grc'><strong>51.</strong></span> <span class='ocrx_word' id='word_1_321' title='bbox 623 4751 647 4813; x_wconf 86' lang='grc'><strong>5,</strong></span> <span class='ocrx_word' id='word_1_322' title='bbox 661 4751 696 4806; x_wconf 86' lang='grc'><strong>36</strong></span> <span class='ocrx_word' id='word_1_323' title='bbox 714 4752 841 4805; x_wconf 80' lang='lat' dir='ltr'><strong>auctores</strong></span> <span class='ocrx_word' id='word_1_324' title='bbox 858 4748 968 4802; x_wconf 79' lang='lat' dir='ltr'><strong>nostros</strong></span> <span class='ocrx_word' id='word_1_325' title='bbox 984 4744 1147 4816; x_wconf 78' lang='lat' dir='ltr'><strong>prodidisse.</strong></span> 
     </span>
     <span class='ocr_line' id='line_1_38' title="bbox 527 4838 711 4910; baseline 0 -16"><span class='ocrx_word' id='word_1_326' title='bbox 527 4838 711 4910; x_wconf 53' lang='lat' dir='ltr'><strong>bdpffl</strong></span> 
     </span>
     <span class='ocr_line' id='line_1_39' title="bbox 526 4927 794 4999; baseline -0.019 -14"><span class='ocrx_word' id='word_1_327' title='bbox 526 4933 548 4999; x_wconf 82' lang='lat'><strong>⁴)</strong></span> <span class='ocrx_word' id='word_1_328' title='bbox 565 4929 601 4986; x_wconf 86' lang='grc'><strong>51.</strong></span> <span class='ocrx_word' id='word_1_329' title='bbox 621 4927 695 4983; x_wconf 84' lang='lat' dir='ltr'><strong>llela</strong></span> <span class='ocrx_word' id='word_1_330' title='bbox 713 4929 738 4992; x_wconf 87' lang='lat'><strong>1,</strong></span> <span class='ocrx_word' id='word_1_331' title='bbox 751 4927 794 4982; x_wconf 83' lang='lat'><strong>26.</strong></span> 
     </span>
     <span class='ocr_line' id='line_1_40' title="bbox 526 5006 1574 5088; baseline -0.009 -16"><span class='ocrx_word' id='word_1_332' title='bbox 526 5021 548 5088; x_wconf 78' lang='grc'><strong>1)</strong></span> <span class='ocrx_word' id='word_1_333' title='bbox 566 5016 634 5072; x_wconf 87' lang='lat' dir='ltr'><strong>baec</strong></span> <span class='ocrx_word' id='word_1_334' title='bbox 652 5014 688 5069; x_wconf 85' lang='lat' dir='ltr'><strong>ad</strong></span> <span class='ocrx_word' id='word_1_335' title='bbox 706 5014 737 5068; x_wconf 92' lang='lat' dir='ltr'><strong>id</strong></span> <span class='ocrx_word' id='word_1_336' title='bbox 754 5017 864 5082; x_wconf 87' lang='lat' dir='ltr'><strong>tempus</strong></span> <span class='ocrx_word' id='word_1_337' title='bbox 882 5010 1030 5080; x_wconf 89' lang='lat' dir='ltr'><strong>pertinent,</strong></span> <span class='ocrx_word' id='word_1_338' title='bbox 1049 5027 1105 5079; x_wconf 90' lang='grc'><strong>555</strong></span> <span class='ocrx_word' id='word_1_339' title='bbox 1123 5008 1311 5063; x_wconf 75' lang='lat' dir='ltr'><strong>Mauretaniae</strong></span> <span class='ocrx_word' id='word_1_340' title='bbox 1327 5006 1434 5062; x_wconf 84' lang='lat' dir='ltr'><strong>liberae</strong></span> <span class='ocrx_word' id='word_1_341' title='bbox 1452 5006 1574 5063; x_wconf 86' lang='lat' dir='ltr'><strong>fuerunt.</strong></span> 
     </span>
    </p>
   </div>
   <div class='ocr_carea' id='block_1_7' title="bbox 526 5103 1590 5238">
    <p class='ocr_par' dir='ltr' id='par_1_13' title="bbox 526 5103 1590 5238">
     <span class='ocr_line' id='line_1_41' title="bbox 526 5103 1590 5238; baseline -0.009 -77"><span class='ocrx_word' id='word_1_342' title='bbox 526 5111 548 5176; x_wconf 81' lang='lat'><strong>⁶)</strong></span> <span class='ocrx_word' id='word_1_343' title='bbox 568 5106 602 5162; x_wconf 87' lang='lat' dir='ltr'><strong>cl.</strong></span> <span class='ocrx_word' id='word_1_344' title='bbox 621 5104 696 5161; x_wconf 80' lang='lat' dir='ltr'><strong>Mela</strong></span> <span class='ocrx_word' id='word_1_345' title='bbox 715 5103 815 5162; x_wconf 80' lang='grc'>5157.</span> <span class='ocrx_word' id='word_1_346' title='bbox 1534 5182 1590 5238; x_wconf 79' lang='lat'><strong>10*</strong></span> 
     </span>
    </p>
   </div>
   <div class='ocr_carea' id='block_1_8' title="bbox 0 0 2142 6024">
    <p class='ocr_par' dir='ltr' id='par_1_14' title="bbox 0 0 2142 6024">
     <span class='ocr_line' id='line_1_42' title="bbox 0 0 2142 6024; baseline 0 0"><span class='ocrx_word' id='word_1_347' title='bbox 0 0 2142 6024; x_wconf 95' lang='lat' dir='ltr'><strong> </strong></span> 
     </span>
    </p>
   </div>
  </div>
 </body>
</html>
