4275 6025
1019 756 1082 823 177

494 994 534 1039 αα
564 994 605 1037 ne
634 969 767 1037 flavium
790 969 903 1036 Billim
934 965 1064 1050 quidem
1095 986 1117 1030 a
1147 964 1305 1050 periegesi
1331 963 1473 1030 alienum
1506 985 1578 1031 esse
1611 964 1719 1030 existi-

381 1081 509 1146 marim.
570 1076 733 1143 Billaeam
760 1075 936 1142 Itineraria
973 1074 1136 1151 exhibent,
1180 1073 1279 1139 etiam
1322 1093 1396 1138 eum
1435 1073 1609 1139 terminum
1651 1095 1720 1140 esee

383 1186 626 1270 Paphlagoniae
659 1184 748 1269 apud
780 1183 982 1248 Marcianum
1013 1184 1034 1251 8
1068 1179 1227 1245 traditur:
1261 1168 1354 1256 οὗτος
1388 1175 1405 1244 ὁ
1440 1177 1587 1261 ποταμὸς
1620 1177 1720 1266 ὁρίζει

380 1295 552 1356 Βιθυνίαν.
604 1285 648 1354 aa?
677 1289 712 1355 δὲ
742 1286 875 1371 ἐχόμενα
898 1287 1129 1373 Παφλαγονίας
1159 1281 1236 1352 ἐστί.
1290 1283 1374 1361 τινὲς
1403 1283 1438 1349 δὲ
1470 1284 1525 1366 (of.
1550 1287 1627 1352 Arr.
1650 1289 1673 1354 l.
1695 1288 1718 1354 l.

386 1403 437 1481 13,
452 1401 482 1468 6.
508 1397 607 1481 14,1)
638 1396 695 1462 τὸν
725 1394 910 1482 Παρθένιον
938 1393 1088 1476 ποταμὸν
1122 1388 1209 1478 ὅριοι
1230 1393 1382 1456 Βιθυνῶν
1411 1391 1467 1455 καὶ
1500 1391 1720 1478 Παφλαγόνων

379 1498 465 1570 εἶναι
487 1501 665 1587 βούλονται.
711 1508 821 1567 tamen
835 1507 969 1587 propter
983 1499 1201 1567 differentiam
1215 1499 1394 1566 formarum
1409 1499 1500 1563 Bata
1519 1501 1720 1580 ο1Βιλλαίος

383 1618 418 1678 ct
439 1617 572 1695 propter
593 1615 704 1675 notam
720 1609 908 1675 historicam
930 1630 1023 1695 qaam
1036 1607 1264 1693 Itylaammiam
1287 1608 1383 1693 aliqaa'
1396 1607 1536 1671 diarmmt
1549 1608 1603 1694 (ci.
1620 1609 1719 1676 Hom.

384 1717 414 1783 Β
437 1717 519 1803 851)
542 1717 622 1782 haec
644 1714 687 1780 ad
709 1714 889 1799 periegeain
911 1713 1078 1780 traxerim.

494 1830 610 1890 contra
636 1821 765 1905 Mastya
793 1827 828 1885 et
858 1818 1000 1886 Cromna
1029 1820 1144 1905 procul
1174 1818 1273 1885 dubio
1305 1840 1345 1884 ex
1375 1818 1549 1886 Itinerario
1580 1827 1719 1905 sumpta.

383 1953 459 1997 nam
481 1931 569 2016 apud
591 1928 711 1994 Melam
733 1925 874 1991 Cromnos
901 1927 1021 1993 dicitur
1045 1932 1075 2010 1,
1090 1933 1154 1997 104
1177 1926 1365 1992 Saamaaa
1388 1926 1538 2008 Carnam,
1562 1928 1618 2012 qui
1641 1926 1720 1992 ordo

382 2037 487 2101 iustus
509 2041 567 2101 est.
613 2042 692 2100 tuno
714 2038 788 2118 post
810 2033 1069 2099 additamentum
1095 2056 1137 2100 cx
1151 2033 1279 2119 Nepote
1302 2035 1441 2119 petitam
1462 2034 1560 2100 verba
1575 2031 1719 2098 Sesamos

380 2142 540 2226 oppidum,
564 2141 644 2224 qaod
664 2161 744 2202 naua
766 2141 921 2202 Amastrin
942 2139 985 2204 ad
1007 2140 1186 2225 periegesin
1208 2139 1379 2206 referenda
1401 2161 1470 2207 esse
1492 2141 1588 2208 modo
1616 2140 1720 2208 docui.

496 2267 593 2331 porro
624 2254 766 2312 montem
788 2243 946 2330 Cytorum
973 2247 1141 2312 itineraria
1167 2268 1233 2312 non
1255 2247 1415 2328 adierunt,
1439 2247 1496 2314 scd
1518 2250 1673 2335 oppidum
1682 2249 1719 2336 ¹).

383 2352 499 2436 itaque
521 2373 612 2418 mons
636 2353 794 2437 periegesi
816 2352 927 2419 deberi
949 2353 1087 2436 videtur,
1111 2373 1263 2420 mensura
1284 2355 1460 2422 itinerario.

495 2463 567 2523 tum
595 2457 679 2524 falso
706 2457 775 2524 loco
802 2457 956 2542 leguntur
984 2459 1104 2544 oppida
1125 2457 1261 2526 Cimolis
1284 2465 1318 2525 et
1340 2459 1514 2545 Stephane.
1561 2461 1721 2545 equibus

381 2565 473 2650 apud
497 2563 617 2631 Melam
641 2570 908 2632 commemoratur
935 2563 1082 2651 cymbas.
1129 2587 1169 2632 ac
1191 2566 1295 2632 forma
1319 2567 1455 2646 Κίνωλις
1481 2574 1618 2634 utuntur
1641 2568 1719 2634 Arr.

388 2670 411 2736 l.
436 2669 458 2736 l.
482 2673 570 2751 14,3
594 2670 750 2738 Marcion.
774 2674 794 2742 9
818 2672 864 2758 (Ρ.
881 2675 970 2756 671).
1016 2672 1074 2738 aed
1096 2671 1137 2740 cf.
1154 2675 1263 2744 Anon.
1286 2677 1331 2743 20
1352 2673 1399 2760 (p.
1416 2677 1496 2760 406)
1518 2671 1565 2752 εἰς
1581 2675 1724 2757 Πίμωλιν

382 2773 501 2863 κώμην,
525 2782 580 2841 νῦν
603 2777 746 2865 Κινώλην
766 2776 944 2867 λεγομένην.
990 2778 1078 2849 Ptol.
1103 2784 1133 2860 5,
1146 2785 1212 2860 4,2
1229 2781 1380 2862 Πιμωλίς.
1428 2780 1593 2868 Stephane
1616 2785 1722 2850 solum'

381 2883 418 2948 in
442 2883 519 2952 ltin.
544 2893 667 2953 exstat:
693 2886 773 2953 Arr.
798 2891 885 2970 14,4
908 2881 977 2952 aaa
1000 2885 1034 2951 δὲ
1058 2885 1211 2964 Κινώλιος
1232 2885 1264 2964 ἐς
1288 2885 1451 2974 Σιεφάνην
1473 2909 1540 2972 eqs.

495 2992 607 3076 itaque
630 3014 703 3059 cum
726 2991 791 3060 duo
813 2993 934 3079 oppida
955 2999 989 3060 et
1011 2993 1093 3061 ialso
1116 2992 1202 3080 apud
1217 2994 1363 3062 Plinium
1385 2994 1456 3063 loco
1470 3003 1722 3079 percenseantar

382 3104 418 3163 et
449 3098 614 3165 vicinitate
648 3099 819 3165 coniuncta
850 3100 926 3182 sint,
959 3122 998 3167 ea
1029 3122 1094 3167 non
1125 3123 1164 3167 ex
1195 3104 1362 3188 periegesi,
1395 3104 1452 3169 sed
1484 3123 1524 3168 ex
1553 3104 1721 3170 itinerario

380 3204 514 3271 fluxisse
535 3205 741 3271 indicaveris.
1240 3256 1241 3261 η

495 3311 614 3378 deiude
647 3317 735 3377 certo
769 3311 913 3378 eiusdem
947 3313 1080 3397 originis
1115 3320 1190 3379 eunt
1224 3314 1304 3381 haec
1337 3316 1482 3383 nomina:
1513 3316 1578 3397 6,6
1602 3312 1722 3400 flamm

392 3418 546 3494 Vareaam,
568 3441 640 3504 μιαν
658 3417 873 3504 Cappadocum
892 3422 1038 3505 oppedam
1057 3418 1185 3485 Cetaria
1200 3420 1372 3509 Zaceplam.
1418 3442 1503 3507 quae
1518 3421 1721 3505 comuptiora

380 3530 461 3590 sunt
483 3545 581 3607 quam
604 3530 642 3589 ut
664 3546 705 3588 ex
727 3524 883 3608 periegesi
902 3531 1066 3609 prognata
1081 3546 1149 3592 esee
1163 3528 1296 3612 possint.
1335 3549 1409 3595 nam
1423 3527 1543 3593 flumen
1558 3525 1722 3595 Varenum

381 3631 512 3695 etiamsi
541 3651 606 3696 uua
633 3630 743 3695 littera
766 3631 965 3714 transposita
973 3631 999 3714 1)
1033 3633 1207 3716 corrigitur
1228 3632 1394 3714 Eunaeum,
1421 3639 1532 3698 tamen
1554 3632 1721 3716 vulgarem

380 3735 519 3801 formam
541 3737 669 3802 retinet.
716 3734 757 3801 cl.
781 3741 891 3801 autem
913 3735 1016 3803 Mara.
1040 3740 1061 3807 9
1085 3736 1130 3821 (Ρ.
1155 3740 1234 3823 571)
1258 3735 1327 3805 ἀπὸ
1343 3737 1490 3825 Σινώπης
1511 3735 1557 3815 εἰς
1573 3735 1722 3823 Εὕαρχον

381 3841 534 3923 ποταμὸν
565 3841 689 3907 στάδιοι
723 3842 771 3907 π’.
829 3832 923 3919 οὗτος
956 3836 974 3908 ὁ
1008 3843 1157 3926 ποταμὸς
1191 3839 1289 3931 ὁρίζει
1318 3847 1550 3931 Παφλαγονίαν
1584 3844 1642 3909 καὶ
1666 3845 1722 3931 τὴν

337 3942 340 3950 “
380 3945 536 4035 ἐχομένην
574 3947 814 4012 Καππαδοκίαν
851 3947 982 4031 (similia
1016 3950 1127 4016 Auon.
1163 3953 1207 4019 23
1240 3974 1272 4035 p.
1308 3951 1399 4037 407).
1459 3951 1612 4036 oppidum
1646 3973 1721 4017 vero

381 4054 521 4122 Caturia
552 4076 615 4139 quo
639 4060 764 4139 spectet
786 4054 919 4121 haereo:
943 4062 1235 4123 commemorantur
1257 4064 1331 4141 post
1356 4058 1542 4124 Eluarchum
1567 4054 1718 4143 Κάροοσα

381 4168 419 4228 et
433 4159 585 4247 Ζάγωρος
607 4163 673 4227 sive
688 4160 824 4249 Ζάγωρα
832 4161 870 4250 ⁸),
895 4164 969 4229 dein
984 4162 1129 4252 Ζάλιμος
1151 4164 1278 4248 fluviae,
1303 4187 1400 4250 quem
1421 4168 1454 4231 iu
1470 4187 1546 4232 voce
1561 4166 1721 4253 Zaaaplam

380 4291 532 4353 agnosco.
586 4270 643 4336 aed
665 4271 789 4337 Carasa
818 4269 904 4337 infra
931 4278 1007 4337 ante
1028 4272 1181 4338 Amisum
1204 4279 1482 4355 commemoratur,
1507 4272 1589 4338 falsa
1612 4281 1720 4339 autem

384 4383 458 4461 post
472 4377 590 4461 Halyn.
615 4398 693 4461 ergo
715 4377 761 4446 ibi
784 4399 848 4444 non
871 4399 912 4443 ex
926 4378 1101 4445 Itinerario
1117 4378 1221 4446 fluxit.
1260 4380 1415 4465 oppidum
1431 4386 1540 4445 autem
1557 4377 1685 4463 Gamge
1694 4379 1720 4461 ⁴)

381 4501 517 4566 prorsus
539 4484 694 4566 ignotum.
741 4480 967 4568 Cappadociae
989 4484 1237 4569 descriptionem
1260 4488 1304 4567 (6,
1330 4490 1351 4554 8
1371 4493 1405 4551 et
1424 4488 1457 4570 9)
1482 4505 1568 4550 nunc
1590 4484 1721 4568 quidem

381 4610 580 4673 sepommus.

494 4782 515 4852 ¹)
533 4783 667 4852 oppidum
685 4784 759 4839 hlela
776 4784 856 4838 novit
874 4784 970 4854 1,104.

495 4870 515 4939 2)
536 4872 663 4925 similiter
681 4874 752 4942 6,14
774 4873 804 4926 in
826 4874 938 4929 nomine
957 4872 1092 4943 capram
1114 4877 1257 4943 peccatum
1281 4891 1340 4930 esse
1358 4876 1467 4931 monuit
1484 4874 1600 4931 Hansen
1617 4876 1636 4931 1.
1655 4875 1674 4929 1.
1692 4892 1723 4944 p.

381 4959 421 5013 44
439 4957 593 5030 Ἐνρηιιτιιιή
613 4958 697 5030 (Ptol.
716 4961 831 5032 a,10,5,
849 4960 933 5015 hodio
949 4960 1080 5033 Eyrwtt').

495 5046 515 5116 ³)
536 5046 621 5101 Marc.
641 5048 676 5101 10
694 5048 785 5103 Anon.
804 5049 849 5105 24.

493 5136 515 5205 4)
535 5138 629 5188 notum
650 5138 692 5189 eat
710 5136 845 5205 oppidum
864 5134 977 5209 Γάγγρα
995 5134 1213 5207 Paphlagoniae,
1232 5138 1280 5193 sed
1299 5138 1328 5193 id
1346 5138 1421 5194 intus
1439 5138 1522 5194 situm
1542 5142 1592 5195 est

440 5232 531 5281 Klots,
545 5232 689 5282 Qunstlanm
702 5233 823 5277 Plinianae.
1510 5230 1544 5283 12
