4275 6025
997 668 1059 731 150

359 898 419 943 nso
447 898 510 943 non
532 876 700 961 Agrippas
722 876 876 961 adspersa
898 884 985 956 sunt,
1008 877 1063 943 sed
1087 877 1134 943 ita
1156 883 1194 943 ut
1216 898 1255 942 ea
1276 877 1319 943 ad
1342 877 1588 963 descriptionem
1610 877 1695 943 alins

359 985 500 1051 auctoris
530 984 642 1049 addita
674 984 748 1063 sint,
780 1004 844 1049 non
870 984 1015 1050 invicem.
1072 983 1210 1049 latinum
1238 984 1378 1067 denique
1411 985 1572 1068 quendam
1595 985 1695 1067 scrip

358 1099 461 1156 torem
477 1090 604 1156 Plinius
627 1090 681 1157 hic
702 1112 830 1175 qnoque
846 1091 1001 1175 sequitur,
1027 1091 1060 1156 id
1076 1092 1162 1174 quod
1177 1091 1283 1157 Melas
1299 1091 1509 1158 similitudine
1524 1092 1692 1177 probatur,

358 1218 418 1263 nec
446 1197 634 1263 recentioris
665 1197 797 1279 originis
827 1198 965 1280 vestigia
997 1198 1113 1262 inveni
1167 1204 1237 1263 turn
1273 1198 1375 1262 maria
1409 1198 1485 1281 quia
1518 1219 1593 1263 oum
1623 1198 1696 1281 ipsa

358 1325 418 1370 ora
443 1325 507 1369 non
529 1304 721 1383 indicantur,
747 1302 789 1367 ad
812 1304 881 1368 sius
904 1303 1151 1387 descriptionem
1166 1303 1304 1368 retertur
1318 1303 1353 1368 id
1369 1302 1456 1387 quod
1472 1307 1535 1382 5,1
1553 1304 1694 1387 positum

359 1417 407 1477 est
443 1412 586 1497 Africam
626 1408 737 1475 Graeci
765 1410 898 1495 Libyam
935 1410 1121 1495 appellavere
1156 1421 1185 1473 et
1216 1432 1298 1473 mare
1333 1421 1401 1473 uate
1434 1432 1500 1474 eam
1533 1408 1693 1493 Lybiarm.

357 1518 495 1603 Aegypto
525 1519 640 1597 finilia,
669 1539 719 1580 aee
746 1518 809 1580 atta
834 1538 910 1600 para
940 1527 1090 1577 terraram
1115 1517 1270 1600 pauciores
1297 1516 1402 1599 recipit
1427 1518 1520 1599 aare,
1549 1515 1634 1597 longe
1656 1514 1695 1575 ab

357 1627 499 1689 maideate
526 1626 646 1688 literam
668 1625 769 1709 spatio
800 1622 917 1707 obliquo
940 1644 1006 1705 eqs.
1053 1623 1143 1687 notio
1173 1628 1282 1687 autem
1309 1621 1426 1706 Libyci
1458 1622 1557 1687 maris
1588 1621 1695 1686 aliena

357 1730 399 1795 ab
433 1731 593 1815 Agrippa.
656 1752 732 1796 narn
770 1731 799 1795 is
838 1750 927 1794 mare
967 1728 1116 1794 Africum
1156 1728 1300 1812 appellat
1338 1750 1409 1794 eam
1446 1736 1573 1813 partem
1610 1749 1694 1813 quae

356 1836 581 1903 Mauretaniae
622 1836 798 1903 Numidiae
840 1835 975 1902 Africae
1014 1836 1148 1917 obiacet,
1183 1833 1350 1902 Oreticum
1389 1857 1460 1902 eam
1500 1856 1584 1919 quae
1618 1841 1694 1901 ante

357 1940 503 2027 Cyrenen
532 1948 590 2024 est,
620 1944 660 2011 cf.
684 1942 757 2008 Dir.
781 1944 851 2012 orb.
875 1946 928 2012 25.
953 1946 995 2012 26
1019 1942 1164 2008 Dimens.
1188 1964 1276 2026 pror.
1300 1946 1354 2013 26.
1379 1947 1431 2012 27.
1460 1949 1574 2008 contra
1604 1962 1694 2007 mare

355 2046 516 2132 Libycum
546 2048 633 2111 idem
662 2048 751 2112 valet
780 2048 868 2133 apud
891 2048 1010 2113 Melam
1035 2054 1063 2129 1,
1078 2053 1117 2115 21
1150 2070 1236 2111 mare
1265 2070 1324 2133 qao
1352 2050 1482 2133 einpitar
1503 2047 1649 2132 (Africa)
1673 2072 1693 2111 a

356 2155 547 2238 septentrione
561 2153 719 2240 Libycam.
757 2157 809 2221 hic
831 2162 941 2221 autem
964 2157 998 2220 in
1020 2156 1158 2221 marium
1179 2132 1388 2241 discriptione
1402 2155 1478 2221 licat
1500 2157 1534 2222 in
1559 2156 1694 2240 Europa

357 2279 376 2325 a
405 2258 513 2325 Plinio
544 2262 721 2342 recesserit,
751 2268 859 2326 tamen
891 2260 1003 2325 eodem
1035 2259 1247 2326 fundamento
1279 2282 1355 2327 usus
1386 2267 1436 2327 est
1463 2281 1527 2346 quo
1555 2261 1692 2339 Plinius,

356 2386 470 2450 nempe
499 2366 651 2432 Varrone.
701 2372 799 2450 atqua
831 2368 864 2430 in
898 2365 986 2431 Plini
1021 2366 1092 2431 loco
1128 2368 1250 2450 optimo
1281 2368 1351 2431 iure
1385 2366 1620 2452 netletsenus1)
1650 2367 1693 2432 ad

356 2470 507 2556 Europae
545 2472 636 2538 illam
677 2473 864 2539 divisionem
899 2474 1085 2557 provocavit
1118 2479 1253 2558 propter
1287 2474 1385 2539 verba
1426 2495 1476 2538 nea
1519 2474 1584 2536 alia
1617 2498 1693 2559 para

356 2589 504 2642 terraram
525 2582 681 2666 pauciores
703 2582 808 2666 recipit
830 2582 919 2645 arias.
965 2602 1041 2645 num
1073 2581 1175 2663 igitur
1203 2581 1289 2645 iusto
1323 2580 1477 2646 audacior
1509 2583 1692 2647 coniectura

357 2692 414 2763 est,
452 2684 594 2752 Varroni
633 2687 806 2750 maximam
844 2693 969 2770 partem
1007 2684 1142 2750 Africae
1181 2685 1428 2770 descriptionem
1467 2685 1601 2752 deberi?
1650 2688 1691 2752 ab

355 2790 508 2875 Agrippa
531 2797 619 2857 certe
643 2798 775 2875 praeter
797 2790 955 2874 quaedam
986 2790 1220 2873 supplementa,
1245 2789 1284 2853 de
1315 2790 1432 2873 quibus
1462 2792 1558 2857 modo
1589 2795 1693 2858 acturi

357 2919 479 2976 sumus,
502 2919 541 2963 aa
556 2898 703 2981 profecta
717 2920 783 2964 non
799 2905 849 2963 est
856 2898 893 2983 ²).
933 2919 1009 2963 nam
1024 2899 1077 2963 hio
1092 2904 1196 2962 terras
1219 2898 1315 2962 aliter
1335 2897 1478 2983 disponit
1500 2921 1540 2965 ao
1556 2900 1691 2970 Plinius.

357 3024 395 3069 ac
417 3005 557 3089 primum
580 3003 772 3071 Numidiam
795 3011 828 3070 et
850 3003 1000 3070 Africam
1025 3002 1275 3088 comprehendit,
1300 3004 1440 3087 quaein
1474 3005 1691 3089 descriptione

356 3109 530 3193 diligenter
544 3111 766 3194 seiunguntur.
806 3110 921 3175 deinde
944 3131 1017 3176 eam
1037 3115 1164 3193 partem
1179 3129 1254 3173 orae
1271 3130 1354 3192 quae
1371 3118 1421 3174 est
1435 3111 1521 3177 inter
1534 3114 1692 3178 minorem

355 3214 477 3299 Syrtim
500 3222 533 3280 et
554 3215 786 3284 Philaenorum
809 3239 883 3283 aras
907 3218 950 3282 ad
973 3214 1184 3300 Cyrenaioam
1207 3217 1317 3297 refert,
1343 3224 1456 3284 contra
1478 3221 1513 3284 in
1535 3223 1693 3305 periegesi

356 3323 444 3388 ultra
466 3321 526 3388 has
549 3320 727 3407 Cyrenaica
756 3325 920 3409 provincia
949 3331 999 3391 est
1031 3327 1060 3405 5,
1075 3327 1129 3392 28.
1175 3323 1215 3390 cf.
1247 3328 1277 3406 5,
1292 3328 1335 3394 38
1365 3329 1407 3390 ad
1436 3349 1503 3390 eam
1534 3329 1692 3391 terminata

355 3427 621 3513 (Catabathmon)
643 3429 806 3515 Cyrenaica
821 3429 967 3516 Afriaa³)
992 3455 1011 3494 a
1026 3428 1113 3515 Syra
1135 3432 1249 3494 minore
1267 3422 1317 3517 le
1339 3423 1408 3495 [X
1429 3435 1462 3496 ia
1476 3433 1692 3518 loapitmle'rrem

350 3546 445 3619 patet,
467 3535 501 3598 ia
522 3536 710 3600 latitudinem
732 3560 792 3622 qua
816 3540 964 3622 cognitam
987 3548 1027 3601 eat
1048 3526 1242 3622 FPO-GP).
1282 3537 1427 3605 Dimens.
1444 3544 1488 3611 27
1508 3540 1616 3627 Africa
1636 3539 1690 3626 Cp-

354 3643 484 3722 reaae'oa,
508 3645 641 3728 cupersan
655 3644 752 3729 Libye
772 3645 811 3707 ab
826 3645 934 3708 oriente
953 3642 1159 3716 Catabathmo,
1184 3643 1223 3706 ab
1237 3646 1379 3708 malleato
1394 3643 1479 3730 Syrti
1496 3647 1611 3709 minore
1625 3668 1691 3731 sqs.

356 3747 495 3832 denique
512 3751 682 3835 Aegyptus
706 3751 747 3816 ab
764 3752 910 3835 Agrippa
933 3771 1006 3816 cum
1020 3749 1136 3815 Africa
1156 3750 1373 3834 coniungitur,
1395 3752 1430 3816 in
1445 3753 1603 3836 perisgssi
1618 3774 1692 3818 cum

354 3852 452 3919 Asia:
478 3859 508 3935 5,
522 3859 566 3924 40
580 3855 729 3942 Agrippa
752 3857 837 3920 totius
856 3854 981 3940 Africae
1004 3877 1022 3917 a
1046 3856 1126 3917 mari
1148 3854 1300 3918 Atlantico
1321 3879 1388 3919 cam
1402 3856 1538 3942 insertare
1554 3860 1692 3945 Aegypto

354 3947 471 4050 3?er
493 3961 708 4046 longitudinem
730 3962 867 4047 (prodit)
891 3961 930 4030 of.
954 3961 1102 4026 Dimens.
1126 3964 1180 4030 28.

467 4069 532 4134 iam
562 4089 638 4135 vero
660 4069 716 4135 ubi
747 4069 907 4138 rationem
937 4089 1036 4152 quam
1059 4067 1212 4152 Agrippa
1241 4069 1437 4153 suppeditat,
1470 4070 1689 4151 subducimus,

354 4195 522 4241 mensuras
546 4175 689 4260 singulas
710 4177 746 4242 in
769 4175 983 4260 descriptione
1005 4175 1151 4259 prolatas
1166 4196 1239 4241 cum
1256 4195 1295 4240 ea
1313 4196 1377 4241 non
1393 4177 1562 4242 convenire
1576 4177 1690 4247 elucet.

354 4282 520 4365 Agrippae
542 4289 652 4347 autem
675 4289 752 4347 sunt
775 4282 850 4347 hae:

368 4411 383 4432 '⁸
463 4422 483 4492 ¹)
501 4423 618 4477 Hsrrnss
637 4424 668 4478 21
691 4424 781 4494 (1886)
799 4440 826 4492 p.
846 4424 943 4490 255sq.

462 4508 485 4579 ⁹]
503 4510 557 4564 nisi
575 4510 647 4565 forte
665 4511 908 4566 comminationis
927 4510 1059 4565 indicium
1078 4513 1122 4564 est
1142 4509 1217 4578 quod
1235 4511 1261 4577 5,
1272 4511 1306 4565 25
1328 4509 1423 4564 iterra
1449 4511 1544 4580 priore
1567 4512 1629 4566 loco
1652 4514 1690 4566 le-

355 4598 438 4668 gitur,
458 4603 554 4667 postea
576 4599 689 4654 Pitanae.
727 4618 790 4654 nam
815 4603 931 4667 utraque
955 4598 1044 4652 forma
1067 4602 1216 4667 patronum
1233 4596 1329 4652 habet:
1359 4598 1690 4658 casamassancia

355 4688 466 4740 θέαιναι
485 4687 522 4758 (h.
542 4705 566 4743 e.
587 4689 669 4740 θεναί
687 4690 732 4744 vel
752 4690 859 4760 θαιναί)
879 4687 952 4743 Ptol.
971 4689 996 4753 4,
1007 4690 1033 4756 3,
1053 4690 1084 4742 11
1106 4686 1141 4741 cl.
1162 4689 1186 4752 1,
1201 4688 1243 4754 15,
1257 4688 1282 4742 2.

462 4777 484 4849 ⁸)
503 4795 573 4846 quae
592 4779 756 4849 significatio
774 4797 791 4832 a
809 4779 945 4849 periegssi
964 4777 1047 4846 plane
1065 4778 1156 4831 aliens
1174 4782 1225 4844 est,
1244 4781 1343 4829 contra
1361 4775 1396 4830 ol.
1417 4776 1538 4834 Dimens.
1557 4778 1601 4832 27.

461 4869 487 4938 ⁴)
505 4869 552 4936 qui
579 4868 655 4923 locus
674 4869 709 4923 ol.
730 4871 755 4937 6,
765 4869 816 4924 209
836 4867 981 4939 Agrippae
999 4867 1131 4920 tribuitur
1149 4867 1185 4919 ab
1210 4865 1406 4933 Oehmichen0,
1424 4865 1500 4922 Plio.
1522 4866 1600 4922 Stati.
1622 4867 1691 4923 1880

354 4973 381 5024 p.
401 4958 443 5012 15.
462 4955 581 5010 formula
604 4973 659 5026 aaa
676 4957 813 5029 cognitam
831 4960 872 5013 est
888 4956 1035 5026 praecipue
1054 4955 1200 5026 Agrippae
1223 4956 1252 5007 in
1270 4972 1321 5008 usu
1345 4953 1405 5018 fuit,
1430 4953 1466 5008 cf.
1489 4953 1609 5009 Dimens.
1629 4954 1654 5009 6.
1672 4955 1689 5008 8

354 5044 440 5101 Divis.
460 5045 502 5101 14.
