<?xml version="1.0" encoding="UTF-8"?>
<!DOCTYPE html PUBLIC "-//W3C//DTD XHTML 1.0 Transitional//EN"
    "http://www.w3.org/TR/xhtml1/DTD/xhtml1-transitional.dtd">
<html xmlns="http://www.w3.org/1999/xhtml" xml:lang="en" lang="en">
 <head>
  <title>
</title>
<meta http-equiv="Content-Type" content="text/html;charset=utf-8" />
  <meta name='ocr-system' content='tesseract 3.04.00' />
  <meta name='ocr-capabilities' content='ocr_page ocr_carea ocr_par ocr_line ocrx_word'/>
</head>
<body>
  <div class='ocr_page' id='page_1' title='image "./quaestionesplin00klotgoog_0186.png"; bbox 0 0 4275 6025; ppageno 0'>
   <div class='ocr_carea' id='block_1_1' title="bbox 429 690 1771 1413">
    <p class='ocr_par' dir='ltr' id='par_1_1' title="bbox 429 690 1771 1413">
     <span class='ocr_line' id='line_1_1' title="bbox 1066 690 1131 755; baseline 0 -1"><span class='ocrx_word' id='word_1_1' title='bbox 1066 690 1131 755; x_wconf 83' lang='lat'><strong>176</strong></span> 
     </span>
     <span class='ocr_line' id='line_1_2' title="bbox 429 897 1771 989; baseline -0.007 -17"><span class='ocrx_word' id='word_1_2' title='bbox 429 906 559 972; x_wconf 90' lang='lat' dir='ltr'><strong>nomine</strong></span> <span class='ocrx_word' id='word_1_3' title='bbox 582 906 647 985; x_wconf 84' lang='lat'><strong>6,5</strong></span> <span class='ocrx_word' id='word_1_4' title='bbox 672 904 796 989; x_wconf 80' lang='lat' dir='ltr'><strong>Mastya</strong></span> <span class='ocrx_word' id='word_1_5' title='bbox 818 903 1005 968; x_wconf 76' lang='lat' dir='ltr'><strong>Milesiorum</strong></span> <span class='ocrx_word' id='word_1_6' title='bbox 1031 900 1186 986; x_wconf 90' lang='lat' dir='ltr'><strong>oppidum</strong></span> <span class='ocrx_word' id='word_1_7' title='bbox 1209 901 1371 968; x_wconf 73' lang='lat' dir='ltr'>Amastris</span> <span class='ocrx_word' id='word_1_8' title='bbox 1396 899 1509 981; x_wconf 86' lang='lat' dir='ltr'><strong>lateat,</strong></span> <span class='ocrx_word' id='word_1_9' title='bbox 1538 899 1616 965; x_wconf 92' lang='lat' dir='ltr'><strong>mihi</strong></span> <span class='ocrx_word' id='word_1_10' title='bbox 1640 897 1771 983; x_wconf 89' lang='lat' dir='ltr'><strong>quidem</strong></span> 
     </span>
     <span class='ocr_line' id='line_1_3' title="bbox 432 1005 1771 1091; baseline -0.004 -15"><span class='ocrx_word' id='word_1_11' title='bbox 432 1018 526 1076; x_wconf 87' lang='lat' dir='ltr'><strong>extra</strong></span> <span class='ocrx_word' id='word_1_12' title='bbox 549 1008 786 1075; x_wconf 78' lang='lat' dir='ltr'><strong>dubitationem</strong></span> <span class='ocrx_word' id='word_1_13' title='bbox 809 1014 867 1078; x_wconf 87' lang='lat' dir='ltr'><strong>cst.</strong></span> <span class='ocrx_word' id='word_1_14' title='bbox 912 1009 1124 1091; x_wconf 88' lang='lat' dir='ltr'><strong>nequeenim</strong></span> <span class='ocrx_word' id='word_1_15' title='bbox 1147 1006 1214 1073; x_wconf 91' lang='lat' dir='ltr'><strong>ullo</strong></span> <span class='ocrx_word' id='word_1_16' title='bbox 1237 1006 1309 1072; x_wconf 92' lang='lat' dir='ltr'><strong>loco</strong></span> <span class='ocrx_word' id='word_1_17' title='bbox 1337 1005 1395 1071; x_wconf 89' lang='lat' dir='ltr'><strong>illa</strong></span> <span class='ocrx_word' id='word_1_18' title='bbox 1418 1005 1618 1071; x_wconf 86' lang='lat' dir='ltr'><strong>Milesiorum</strong></span> <span class='ocrx_word' id='word_1_19' title='bbox 1643 1005 1771 1070; x_wconf 90' lang='lat' dir='ltr'><strong>colonia</strong></span> 
     </span>
     <span class='ocr_line' id='line_1_4' title="bbox 432 1113 1770 1198; baseline -0.006 -14"><span class='ocrx_word' id='word_1_20' title='bbox 432 1123 709 1184; x_wconf 89' lang='lat' dir='ltr'><strong>commemoratur.</strong></span> <span class='ocrx_word' id='word_1_21' title='bbox 765 1121 877 1182; x_wconf 90' lang='lat' dir='ltr'><strong>contra</strong></span> <span class='ocrx_word' id='word_1_22' title='bbox 910 1115 1028 1198; x_wconf 85' lang='lat' dir='ltr'><strong>vulgus</strong></span> <span class='ocrx_word' id='word_1_23' title='bbox 1062 1113 1228 1180; x_wconf 80' lang='lat' dir='ltr'><strong>Amastris</strong></span> <span class='ocrx_word' id='word_1_24' title='bbox 1261 1133 1377 1179; x_wconf 88' lang='lat' dir='ltr'><strong>nomen</strong></span> <span class='ocrx_word' id='word_1_25' title='bbox 1414 1113 1463 1177; x_wconf 92' lang='lat' dir='ltr'><strong>ita</strong></span> <span class='ocrx_word' id='word_1_26' title='bbox 1500 1113 1691 1194; x_wconf 81' lang='lat' dir='ltr'><strong>immutavit,</strong></span> <span class='ocrx_word' id='word_1_27' title='bbox 1731 1118 1770 1177; x_wconf 90' lang='lat' dir='ltr'><strong>ut</strong></span> 
     </span>
     <span class='ocr_line' id='line_1_5' title="bbox 432 1216 1769 1308; baseline -0.003 -22"><span class='ocrx_word' id='word_1_28' title='bbox 432 1225 577 1286; x_wconf 81' lang='lat' dir='ltr'><strong>Amastra</strong></span> <span class='ocrx_word' id='word_1_29' title='bbox 605 1221 666 1308; x_wconf 90' lang='lat' dir='ltr'><strong>(sic</strong></span> <span class='ocrx_word' id='word_1_30' title='bbox 696 1219 819 1303; x_wconf 77' lang='lat' dir='ltr'><strong>Geogr.</strong></span> <span class='ocrx_word' id='word_1_31' title='bbox 851 1219 997 1289; x_wconf 83' lang='lat' dir='ltr'><strong>Ravana.</strong></span> <span class='ocrx_word' id='word_1_32' title='bbox 1031 1240 1063 1304; x_wconf 91' lang='lat' dir='ltr'><strong>p.</strong></span> <span class='ocrx_word' id='word_1_33' title='bbox 1097 1223 1171 1299; x_wconf 89' lang='grc'><strong>100,</strong></span> <span class='ocrx_word' id='word_1_34' title='bbox 1203 1240 1236 1304; x_wconf 89' lang='lat' dir='ltr'><strong>p.</strong></span> <span class='ocrx_word' id='word_1_35' title='bbox 1271 1221 1335 1289; x_wconf 82' lang='lat'><strong>364</strong></span> <span class='ocrx_word' id='word_1_36' title='bbox 1363 1216 1459 1286; x_wconf 86' lang='lat' dir='ltr'><strong>P.·P.</strong></span> <span class='ocrx_word' id='word_1_37' title='bbox 1512 1218 1622 1285; x_wconf 82' lang='lat' dir='ltr'><strong>Ancn.</strong></span> <span class='ocrx_word' id='word_1_38' title='bbox 1654 1217 1769 1302; x_wconf 91' lang='lat' dir='ltr'><strong>peripl.</strong></span> 
     </span>
     <span class='ocr_line' id='line_1_6' title="bbox 433 1319 1769 1413; baseline -0.004 -19"><span class='ocrx_word' id='word_1_39' title='bbox 433 1329 532 1394; x_wconf 89' lang='lat' dir='ltr'><strong>Ponti</strong></span> <span class='ocrx_word' id='word_1_40' title='bbox 561 1326 645 1394; x_wconf 77' lang='lat' dir='ltr'><strong>Eux.</strong></span> <span class='ocrx_word' id='word_1_41' title='bbox 674 1331 715 1397; x_wconf 83' lang='lat'><strong>15</strong></span> <span class='ocrx_word' id='word_1_42' title='bbox 744 1324 856 1393; x_wconf 83' lang='lat' dir='ltr'><strong>GGM.</strong></span> <span class='ocrx_word' id='word_1_43' title='bbox 884 1325 903 1392; x_wconf 96' lang='lat' dir='ltr'>I</span> <span class='ocrx_word' id='word_1_44' title='bbox 931 1329 996 1394; x_wconf 79' lang='lat'><strong>405</strong></span> <span class='ocrx_word' id='word_1_45' title='bbox 1025 1319 1203 1411; x_wconf 74' lang='grc' dir='ltr'><strong><em>Ἀμάστραν</em></strong></span> <span class='ocrx_word' id='word_1_46' title='bbox 1229 1325 1286 1413; x_wconf 81' lang='grc' dir='ltr'><strong>τὴν</strong></span> <span class='ocrx_word' id='word_1_47' title='bbox 1313 1325 1368 1390; x_wconf 81' lang='grc' dir='ltr'><strong>καὶ</strong></span> <span class='ocrx_word' id='word_1_48' title='bbox 1389 1321 1563 1410; x_wconf 75' lang='grc' dir='ltr'><strong><em>’Ἀμαστριν</em></strong></span> <span class='ocrx_word' id='word_1_49' title='bbox 1590 1323 1769 1411; x_wconf 73' lang='grc' dir='ltr'><em>λεγομένην)</em></span> 
     </span>
    </p>
   </div>
   <div class='ocr_carea' id='block_1_2' title="bbox 315 1431 1769 1520">
    <p class='ocr_par' dir='ltr' id='par_1_2' title="bbox 315 1431 1769 1520">
     <span class='ocr_line' id='line_1_7' title="bbox 315 1431 1769 1520; baseline -0.002 -20"><span class='ocrx_word' id='word_1_50' title='bbox 315 1448 318 1454; x_wconf 86' lang='grc'><strong><em>’</em></strong></span> <span class='ocrx_word' id='word_1_51' title='bbox 433 1434 485 1500; x_wconf 86' lang='lat' dir='ltr'><strong>vel</strong></span> <span class='ocrx_word' id='word_1_52' title='bbox 506 1434 660 1497; x_wconf 70' lang='lat' dir='ltr'><strong>Mortuum</strong></span> <span class='ocrx_word' id='word_1_53' title='bbox 668 1433 694 1520; x_wconf 92' lang='lat'><strong>¹)</strong></span> <span class='ocrx_word' id='word_1_54' title='bbox 722 1435 790 1515; x_wconf 89' lang='lat' dir='ltr'><strong>(sic.</strong></span> <span class='ocrx_word' id='word_1_55' title='bbox 823 1431 904 1498; x_wconf 79' lang='lat' dir='ltr'><strong>Tab.</strong></span> <span class='ocrx_word' id='word_1_56' title='bbox 935 1431 1043 1516; x_wconf 83' lang='lat' dir='ltr'><strong>Peut.)</strong></span> <span class='ocrx_word' id='word_1_57' title='bbox 1076 1439 1219 1498; x_wconf 86' lang='lat' dir='ltr'><strong>sonaret:</strong></span> <span class='ocrx_word' id='word_1_58' title='bbox 1251 1432 1330 1516; x_wconf 93' lang='lat' dir='ltr'><strong>quid</strong></span> <span class='ocrx_word' id='word_1_59' title='bbox 1359 1433 1477 1498; x_wconf 92' lang='lat' dir='ltr'><strong>mirum</strong></span> <span class='ocrx_word' id='word_1_60' title='bbox 1509 1433 1537 1497; x_wconf 91' lang='lat' dir='ltr'><strong>si</strong></span> <span class='ocrx_word' id='word_1_61' title='bbox 1566 1433 1601 1497; x_wconf 93' lang='lat' dir='ltr'><strong>in</strong></span> <span class='ocrx_word' id='word_1_62' title='bbox 1626 1432 1690 1498; x_wconf 87' lang='lat' dir='ltr'><strong>alio</strong></span> <span class='ocrx_word' id='word_1_63' title='bbox 1713 1431 1769 1497; x_wconf 91' lang='lat' dir='ltr'><strong>illo</strong></span> 
     </span>
    </p>
   </div>
   <div class='ocr_carea' id='block_1_3' title="bbox 395 1536 1774 2160">
    <p class='ocr_par' dir='ltr' id='par_1_3' title="bbox 395 1536 1774 2160">
     <span class='ocr_line' id='line_1_8' title="bbox 434 1536 1771 1625; baseline -0.002 -19"><span class='ocrx_word' id='word_1_64' title='bbox 434 1541 601 1607; x_wconf 88' lang='lat' dir='ltr'><strong>itinerario</strong></span> <span class='ocrx_word' id='word_1_65' title='bbox 617 1540 737 1603; x_wconf 77' lang='lat' dir='ltr'><strong>Moatra</strong></span> <span class='ocrx_word' id='word_1_66' title='bbox 760 1539 918 1624; x_wconf 88' lang='lat' dir='ltr'><strong>scriptum</strong></span> <span class='ocrx_word' id='word_1_67' title='bbox 941 1536 1071 1625; x_wconf 75' lang='lat' dir='ltr'><strong>erat?²)</strong></span> <span class='ocrx_word' id='word_1_68' title='bbox 1110 1540 1322 1604; x_wconf 81' lang='lat' dir='ltr'><strong>mutationem</strong></span> <span class='ocrx_word' id='word_1_69' title='bbox 1338 1539 1520 1604; x_wconf 84' lang='lat' dir='ltr'><strong>litterarum</strong></span> <span class='ocrx_word' id='word_1_70' title='bbox 1535 1562 1552 1601; x_wconf 82' lang='lat' dir='ltr'><strong>r</strong></span> <span class='ocrx_word' id='word_1_71' title='bbox 1567 1546 1633 1624; x_wconf 77' lang='lat' dir='ltr'><strong>etp</strong></span> <span class='ocrx_word' id='word_1_72' title='bbox 1648 1538 1771 1604; x_wconf 89' lang='lat' dir='ltr'><strong>nnllam</strong></span> 
     </span>
     <span class='ocr_line' id='line_1_9' title="bbox 395 1643 1771 1729; baseline -0.003 -16"><span class='ocrx_word' id='word_1_73' title='bbox 395 1719 398 1722; x_wconf 57' lang='grc'><strong>,</strong></span> <span class='ocrx_word' id='word_1_74' title='bbox 434 1647 503 1713; x_wconf 82' lang='lat' dir='ltr'><strong>fere</strong></span> <span class='ocrx_word' id='word_1_75' title='bbox 533 1666 603 1712; x_wconf 86' lang='lat' dir='ltr'><strong>esse</strong></span> <span class='ocrx_word' id='word_1_76' title='bbox 636 1646 689 1710; x_wconf 85' lang='lat' dir='ltr'><strong>vix</strong></span> <span class='ocrx_word' id='word_1_77' title='bbox 720 1644 878 1728; x_wconf 80' lang='lat' dir='ltr'><strong>estquod</strong></span> <span class='ocrx_word' id='word_1_78' title='bbox 901 1665 1057 1711; x_wconf 87' lang='lat' dir='ltr'><strong>moneam.</strong></span> <span class='ocrx_word' id='word_1_79' title='bbox 1107 1664 1172 1727; x_wconf 91' lang='lat' dir='ltr'><strong>qna</strong></span> <span class='ocrx_word' id='word_1_80' title='bbox 1194 1643 1299 1710; x_wconf 82' lang='lat' dir='ltr'><strong>forma</strong></span> <span class='ocrx_word' id='word_1_81' title='bbox 1320 1644 1448 1728; x_wconf 82' lang='lat' dir='ltr'><strong>vulgari</strong></span> <span class='ocrx_word' id='word_1_82' title='bbox 1469 1644 1640 1723; x_wconf 87' lang='lat' dir='ltr'><strong>indicatur,</strong></span> <span class='ocrx_word' id='word_1_83' title='bbox 1666 1644 1771 1729; x_wconf 88' lang='lat' dir='ltr'><strong>qualis</strong></span> 
     </span>
     <span class='ocr_line' id='line_1_10' title="bbox 434 1748 1772 1834; baseline -0.003 -14"><span class='ocrx_word' id='word_1_84' title='bbox 434 1754 558 1820; x_wconf 85' lang='lat' dir='ltr'><strong>ordinis</strong></span> <span class='ocrx_word' id='word_1_85' title='bbox 573 1751 655 1817; x_wconf 90' lang='lat' dir='ltr'><strong>illud</strong></span> <span class='ocrx_word' id='word_1_86' title='bbox 671 1750 873 1815; x_wconf 87' lang='lat' dir='ltr'><strong>itinerarium</strong></span> <span class='ocrx_word' id='word_1_87' title='bbox 890 1748 1074 1813; x_wconf 90' lang='lat' dir='ltr'><strong>Plinianum</strong></span> <span class='ocrx_word' id='word_1_88' title='bbox 1091 1749 1198 1832; x_wconf 87' lang='lat' dir='ltr'><strong>fuerit,</strong></span> <span class='ocrx_word' id='word_1_89' title='bbox 1219 1750 1253 1815; x_wconf 93' lang='lat' dir='ltr'><strong>id</strong></span> <span class='ocrx_word' id='word_1_90' title='bbox 1269 1749 1357 1833; x_wconf 92' lang='lat' dir='ltr'><strong>quod</strong></span> <span class='ocrx_word' id='word_1_91' title='bbox 1371 1750 1445 1814; x_wconf 88' lang='lat' dir='ltr'><strong>aliis</strong></span> <span class='ocrx_word' id='word_1_92' title='bbox 1461 1771 1591 1834; x_wconf 90' lang='lat' dir='ltr'><strong>quoque</strong></span> <span class='ocrx_word' id='word_1_93' title='bbox 1607 1751 1772 1834; x_wconf 87' lang='lat' dir='ltr'><strong>exemplis,</strong></span> 
     </span>
     <span class='ocr_line' id='line_1_11' title="bbox 434 1855 1774 1945; baseline -0.004 -17"><span class='ocrx_word' id='word_1_94' title='bbox 434 1863 476 1928; x_wconf 92' lang='lat' dir='ltr'><strong>de</strong></span> <span class='ocrx_word' id='word_1_95' title='bbox 509 1860 627 1945; x_wconf 90' lang='lat' dir='ltr'><strong>quibus</strong></span> <span class='ocrx_word' id='word_1_96' title='bbox 660 1858 760 1942; x_wconf 90' lang='lat' dir='ltr'><strong>paulo</strong></span> <span class='ocrx_word' id='word_1_97' title='bbox 793 1863 868 1940; x_wconf 86' lang='lat' dir='ltr'><strong>post</strong></span> <span class='ocrx_word' id='word_1_98' title='bbox 902 1855 1001 1921; x_wconf 88' lang='lat' dir='ltr'><strong>verba</strong></span> <span class='ocrx_word' id='word_1_99' title='bbox 1034 1855 1197 1936; x_wconf 82' lang='lat' dir='ltr'><strong>faciemus,</strong></span> <span class='ocrx_word' id='word_1_100' title='bbox 1235 1862 1381 1942; x_wconf 88' lang='lat' dir='ltr'><strong>apparet.</strong></span> <span class='ocrx_word' id='word_1_101' title='bbox 1434 1858 1545 1940; x_wconf 88' lang='lat' dir='ltr'><strong>itaque</strong></span> <span class='ocrx_word' id='word_1_102' title='bbox 1576 1858 1703 1924; x_wconf 88' lang='lat' dir='ltr'><strong>Mastra</strong></span> <span class='ocrx_word' id='word_1_103' title='bbox 1731 1879 1774 1923; x_wconf 88' lang='lat' dir='ltr'><strong>ex</strong></span> 
     </span>
     <span class='ocr_line' id='line_1_12' title="bbox 435 1961 1772 2050; baseline -0.004 -16"><span class='ocrx_word' id='word_1_104' title='bbox 435 1967 602 2034; x_wconf 88' lang='lat' dir='ltr'><strong>itinerario</strong></span> <span class='ocrx_word' id='word_1_105' title='bbox 633 1970 799 2045; x_wconf 86' lang='lat' dir='ltr'><strong>sumptum</strong></span> <span class='ocrx_word' id='word_1_106' title='bbox 827 1961 920 2048; x_wconf 65' lang='lat' dir='ltr'><strong>estl).</strong></span> <span class='ocrx_word' id='word_1_107' title='bbox 978 1962 1035 2027; x_wconf 87' lang='lat' dir='ltr'><strong>sed</strong></span> <span class='ocrx_word' id='word_1_108' title='bbox 1067 1963 1159 2028; x_wconf 87' lang='lat' dir='ltr'><strong>iuxta</strong></span> <span class='ocrx_word' id='word_1_109' title='bbox 1188 1962 1323 2048; x_wconf 79' lang='lat' dir='ltr'><strong>legitur:</strong></span> <span class='ocrx_word' id='word_1_110' title='bbox 1357 1966 1420 2042; x_wconf 85' lang='lat' dir='ltr'><strong>6,b</strong></span> <span class='ocrx_word' id='word_1_111' title='bbox 1448 1963 1593 2028; x_wconf 70' lang='lat' dir='ltr'><strong>Sesamos</strong></span> <span class='ocrx_word' id='word_1_112' title='bbox 1614 1967 1772 2050; x_wconf 83' lang='lat' dir='ltr'><strong>oppidum,</strong></span> 
     </span>
     <span class='ocr_line' id='line_1_13' title="bbox 436 2070 800 2160; baseline -0.019 -24"><span class='ocrx_word' id='word_1_113' title='bbox 436 2075 516 2160; x_wconf 83' lang='lat' dir='ltr'><strong>quod</strong></span> <span class='ocrx_word' id='word_1_114' title='bbox 536 2093 615 2134; x_wconf 82' lang='lat' dir='ltr'><strong>acac</strong></span> <span class='ocrx_word' id='word_1_115' title='bbox 637 2070 800 2132; x_wconf 82' lang='lat' dir='ltr'><strong>Amastris.</strong></span> 
     </span>
    </p>
   </div>
   <div class='ocr_carea' id='block_1_4' title="bbox 436 2190 1777 2705">
    <p class='ocr_par' dir='ltr' id='par_1_4' title="bbox 436 2190 1777 2705">
     <span class='ocr_line' id='line_1_14' title="bbox 550 2190 1775 2277; baseline 0.001 -18"><span class='ocrx_word' id='word_1_116' title='bbox 550 2192 666 2260; x_wconf 89' lang='lat' dir='ltr'><strong>deinde</strong></span> <span class='ocrx_word' id='word_1_117' title='bbox 690 2195 776 2272; x_wconf 93' lang='grc'><strong>6,11</strong></span> <span class='ocrx_word' id='word_1_118' title='bbox 801 2213 843 2257; x_wconf 84' lang='lat' dir='ltr'><strong>cx</strong></span> <span class='ocrx_word' id='word_1_119' title='bbox 864 2193 1022 2275; x_wconf 84' lang='lat' dir='ltr'><strong>periegesi</strong></span> <span class='ocrx_word' id='word_1_120' title='bbox 1046 2193 1199 2277; x_wconf 90' lang='lat' dir='ltr'><strong>oppidum</strong></span> <span class='ocrx_word' id='word_1_121' title='bbox 1222 2190 1363 2258; x_wconf 78' lang='lat' dir='ltr'><strong>Gerasus</strong></span> <span class='ocrx_word' id='word_1_122' title='bbox 1385 2201 1663 2275; x_wconf 85' lang='lat' dir='ltr'><strong>commemoratur,</strong></span> <span class='ocrx_word' id='word_1_123' title='bbox 1687 2196 1775 2276; x_wconf 68' lang='lat' dir='ltr'><strong>idem</strong></span> 
     </span>
     <span class='ocr_line' id='line_1_15' title="bbox 436 2282 1776 2390; baseline -0.003 -20"><span class='ocrx_word' id='word_1_124' title='bbox 436 2305 597 2390; x_wconf 85' lang='lat' dir='ltr'><strong>repetitur</strong></span> <span class='ocrx_word' id='word_1_125' title='bbox 635 2323 674 2367; x_wconf 86' lang='lat' dir='ltr'><strong>ex</strong></span> <span class='ocrx_word' id='word_1_126' title='bbox 711 2299 881 2364; x_wconf 88' lang='lat' dir='ltr'><strong>itinerario</strong></span> <span class='ocrx_word' id='word_1_127' title='bbox 918 2306 1043 2365; x_wconf 88' lang='lat' dir='ltr'><strong>mutato</strong></span> <span class='ocrx_word' id='word_1_128' title='bbox 1083 2301 1211 2366; x_wconf 90' lang='lat' dir='ltr'><strong>nomine</strong></span> <span class='ocrx_word' id='word_1_129' title='bbox 1244 2300 1437 2366; x_wconf 82' lang='lat' dir='ltr'><strong>Pharnacea</strong></span> <span class='ocrx_word' id='word_1_130' title='bbox 1471 2304 1568 2380; x_wconf 88' lang='grc'><strong>6,11.</strong></span> <span class='ocrx_word' id='word_1_131' title='bbox 1626 2309 1696 2366; x_wconf 86' lang='lat' dir='ltr'><strong>tum</strong></span> <span class='ocrx_word' id='word_1_132' title='bbox 1728 2282 1776 2386; x_wconf 33' lang='lat' dir='ltr'><strong>&#39;rip</strong></span> 
     </span>
     <span class='ocr_line' id='line_1_16' title="bbox 438 2401 1773 2494; baseline -0.001 -17"><span class='ocrx_word' id='word_1_133' title='bbox 438 2408 660 2493; x_wconf 83' lang='lat' dir='ltr'><strong>Sebastopolis</strong></span> <span class='ocrx_word' id='word_1_134' title='bbox 688 2408 820 2492; x_wconf 87' lang='lat' dir='ltr'><strong>quidem</strong></span> <span class='ocrx_word' id='word_1_135' title='bbox 847 2406 975 2472; x_wconf 87' lang='lat' dir='ltr'><strong>diversa</strong></span> <span class='ocrx_word' id='word_1_136' title='bbox 1003 2411 1052 2472; x_wconf 90' lang='lat' dir='ltr'><strong>est</strong></span> <span class='ocrx_word' id='word_1_137' title='bbox 1079 2428 1100 2472; x_wconf 89' lang='lat' dir='ltr'><strong>a</strong></span> <span class='ocrx_word' id='word_1_138' title='bbox 1126 2407 1354 2473; x_wconf 78' lang='lat' dir='ltr'><strong>Dioscuriade:</strong></span> <span class='ocrx_word' id='word_1_139' title='bbox 1384 2407 1424 2475; x_wconf 82' lang='lat' dir='ltr'><strong>cf.</strong></span> <span class='ocrx_word' id='word_1_140' title='bbox 1449 2407 1527 2477; x_wconf 82' lang='lat' dir='ltr'><strong>Aur.</strong></span> <span class='ocrx_word' id='word_1_141' title='bbox 1550 2407 1572 2476; x_wconf 89' lang='lat' dir='ltr'><strong>l.</strong></span> <span class='ocrx_word' id='word_1_142' title='bbox 1596 2407 1618 2475; x_wconf 89' lang='lat' dir='ltr'><strong>l.</strong></span> <span class='ocrx_word' id='word_1_143' title='bbox 1643 2401 1773 2494; x_wconf 65' lang='grc'><strong>16411</strong></span> 
     </span>
     <span class='ocr_line' id='line_1_17' title="bbox 438 2511 1777 2602; baseline -0.001 -20"><span class='ocrx_word' id='word_1_144' title='bbox 438 2517 474 2582; x_wconf 83' lang='grc' dir='ltr'><strong>δὲ</strong></span> <span class='ocrx_word' id='word_1_145' title='bbox 496 2513 736 2602; x_wconf 74' lang='grc' dir='ltr'><strong><em>Σεβαστόπολις</em></strong></span> <span class='ocrx_word' id='word_1_146' title='bbox 764 2511 872 2578; x_wconf 83' lang='grc' dir='ltr'><strong><em>πάλαι</em></strong></span> <span class='ocrx_word' id='word_1_147' title='bbox 895 2513 1107 2599; x_wconf 84' lang='grc' dir='ltr'><strong><em>Διοσκουριὰς</em></strong></span> <span class='ocrx_word' id='word_1_148' title='bbox 1137 2512 1289 2584; x_wconf 74' lang='grc' dir='ltr'><strong><em>ἐκαλεῖτο.</em></strong></span> <span class='ocrx_word' id='word_1_149' title='bbox 1342 2521 1451 2580; x_wconf 88' lang='lat' dir='ltr'><strong>tamen</strong></span> <span class='ocrx_word' id='word_1_150' title='bbox 1483 2521 1661 2598; x_wconf 82' lang='lat' dir='ltr'><strong>utramque</strong></span> <span class='ocrx_word' id='word_1_151' title='bbox 1681 2516 1777 2598; x_wconf 90' lang='lat' dir='ltr'><strong>quasi</strong></span> 
     </span>
     <span class='ocr_line' id='line_1_18' title="bbox 439 2620 1364 2705; baseline -0.001 -16"><span class='ocrx_word' id='word_1_152' title='bbox 439 2623 583 2690; x_wconf 81' lang='lat' dir='ltr'><strong>diversas</strong></span> <span class='ocrx_word' id='word_1_153' title='bbox 607 2623 704 2687; x_wconf 92' lang='lat' dir='ltr'><strong>urbes</strong></span> <span class='ocrx_word' id='word_1_154' title='bbox 726 2620 854 2686; x_wconf 90' lang='lat' dir='ltr'><strong>Plinius</strong></span> <span class='ocrx_word' id='word_1_155' title='bbox 877 2622 1075 2705; x_wconf 86' lang='lat' dir='ltr'><strong>percensuit:</strong></span> <span class='ocrx_word' id='word_1_156' title='bbox 1100 2625 1130 2701; x_wconf 88' lang='lat'><strong>6,</strong></span> <span class='ocrx_word' id='word_1_157' title='bbox 1146 2627 1188 2690; x_wconf 86' lang='lat'><strong>14</strong></span> <span class='ocrx_word' id='word_1_158' title='bbox 1211 2629 1245 2687; x_wconf 86' lang='lat' dir='ltr'><strong>ct</strong></span> <span class='ocrx_word' id='word_1_159' title='bbox 1267 2625 1364 2703; x_wconf 81' lang='grc'><strong>6,16.</strong></span> 
     </span>
    </p>
   </div>
   <div class='ocr_carea' id='block_1_5' title="bbox 550 2743 1775 2830">
    <p class='ocr_par' dir='ltr' id='par_1_5' title="bbox 550 2743 1775 2830">
     <span class='ocr_line' id='line_1_19' title="bbox 550 2743 1775 2830; baseline 0.002 -19"><span class='ocrx_word' id='word_1_160' title='bbox 550 2748 614 2812; x_wconf 90' lang='lat' dir='ltr'><strong>iam</strong></span> <span class='ocrx_word' id='word_1_161' title='bbox 642 2745 685 2811; x_wconf 90' lang='lat' dir='ltr'><strong>ad</strong></span> <span class='ocrx_word' id='word_1_162' title='bbox 713 2744 841 2828; x_wconf 83' lang='lat' dir='ltr'><strong>singula</strong></span> <span class='ocrx_word' id='word_1_163' title='bbox 871 2743 1093 2810; x_wconf 88' lang='lat' dir='ltr'><strong>distribuenda</strong></span> <span class='ocrx_word' id='word_1_164' title='bbox 1117 2751 1276 2828; x_wconf 88' lang='lat' dir='ltr'><strong>quantum</strong></span> <span class='ocrx_word' id='word_1_165' title='bbox 1299 2744 1370 2811; x_wconf 88' lang='lat' dir='ltr'><strong>fieri</strong></span> <span class='ocrx_word' id='word_1_166' title='bbox 1392 2751 1511 2830; x_wconf 85' lang='lat' dir='ltr'><strong>potest,</strong></span> <span class='ocrx_word' id='word_1_167' title='bbox 1535 2746 1775 2816; x_wconf 87' lang='lat' dir='ltr'><strong>descendamus.</strong></span> 
     </span>
    </p>
   </div>
   <div class='ocr_carea' id='block_1_6' title="bbox 552 2856 1777 2956">
    <p class='ocr_par' dir='ltr' id='par_1_6' title="bbox 552 2856 1777 2956">
     <span class='ocr_line' id='line_1_20' title="bbox 552 2856 1777 2956; baseline 0.002 -25"><span class='ocrx_word' id='word_1_168' title='bbox 552 2870 615 2947; x_wconf 87' lang='grc'><strong>6,4</strong></span> <span class='ocrx_word' id='word_1_169' title='bbox 640 2890 709 2952; x_wconf 77' lang='lat' dir='ltr'><strong>erpo</strong></span> <span class='ocrx_word' id='word_1_170' title='bbox 733 2890 753 2928; x_wconf 88' lang='grc' dir='ltr'><strong><em>ο</em></strong></span> <span class='ocrx_word' id='word_1_171' title='bbox 768 2866 910 2952; x_wconf 68' lang='lat' dir='ltr'><strong>faudbus</strong></span> <span class='ocrx_word' id='word_1_172' title='bbox 931 2856 1063 2953; x_wconf 81' lang='lat' dir='ltr'><strong>Bospori</strong></span> <span class='ocrx_word' id='word_1_173' title='bbox 1085 2878 1126 2930; x_wconf 81' lang='lat' dir='ltr'><strong>cst</strong></span> <span class='ocrx_word' id='word_1_174' title='bbox 1148 2871 1246 2932; x_wconf 83' lang='lat' dir='ltr'><strong>amuis</strong></span> <span class='ocrx_word' id='word_1_175' title='bbox 1267 2868 1400 2955; x_wconf 81' lang='lat' dir='ltr'><strong>Rebus⁴)</strong></span> <span class='ocrx_word' id='word_1_176' title='bbox 1423 2891 1510 2955; x_wconf 84' lang='lat' dir='ltr'><strong>quem</strong></span> <span class='ocrx_word' id='word_1_177' title='bbox 1532 2870 1627 2956; x_wconf 79' lang='lat' dir='ltr'><strong>aliqui</strong></span> <span class='ocrx_word' id='word_1_178' title='bbox 1641 2871 1777 2936; x_wconf 73' lang='lat' dir='ltr'><strong>Blaesum</strong></span> 
     </span>
    </p>
   </div>
   <div class='ocr_carea' id='block_1_7' title="bbox 438 2971 1779 3396">
    <p class='ocr_par' dir='ltr' id='par_1_7' title="bbox 438 2971 1115 3060">
     <span class='ocr_line' id='line_1_21' title="bbox 438 2971 1115 3060; baseline -0.001 -20"><span class='ocrx_word' id='word_1_179' title='bbox 438 2977 588 3042; x_wconf 78' lang='lat' dir='ltr'><strong>dicerunt.</strong></span> <span class='ocrx_word' id='word_1_180' title='bbox 633 2975 702 3038; x_wconf 79' lang='lat' dir='ltr'><strong>dein</strong></span> <span class='ocrx_word' id='word_1_181' title='bbox 727 2971 823 3058; x_wconf 77' lang='lat' dir='ltr'><strong>Syris.</strong></span> <span class='ocrx_word' id='word_1_182' title='bbox 864 2985 972 3059; x_wconf 68' lang='lat' dir='ltr'><strong>portius</strong></span> <span class='ocrx_word' id='word_1_183' title='bbox 998 2971 1115 3060; x_wconf 79' lang='lat' dir='ltr'><strong>Calpas.</strong></span> 
     </span>
    </p>

    <p class='ocr_par' dir='ltr' id='par_1_8' title="bbox 441 3098 1779 3396">
     <span class='ocr_line' id='line_1_22' title="bbox 553 3098 1776 3170; baseline 0.003 -6"><span class='ocrx_word' id='word_1_184' title='bbox 553 3099 633 3165; x_wconf 87' lang='lat' dir='ltr'><strong>haec</strong></span> <span class='ocrx_word' id='word_1_185' title='bbox 664 3100 796 3164; x_wconf 89' lang='lat' dir='ltr'><strong>nomina</strong></span> <span class='ocrx_word' id='word_1_186' title='bbox 826 3098 860 3161; x_wconf 93' lang='lat' dir='ltr'><strong>in</strong></span> <span class='ocrx_word' id='word_1_187' title='bbox 888 3098 1070 3164; x_wconf 82' lang='lat' dir='ltr'><strong>itinerariis</strong></span> <span class='ocrx_word' id='word_1_188' title='bbox 1099 3099 1178 3164; x_wconf 88' lang='lat' dir='ltr'><strong>ferri</strong></span> <span class='ocrx_word' id='word_1_189' title='bbox 1206 3100 1303 3165; x_wconf 91' lang='lat' dir='ltr'><strong>solita</strong></span> <span class='ocrx_word' id='word_1_190' title='bbox 1330 3121 1400 3166; x_wconf 87' lang='lat' dir='ltr'><strong>esse</strong></span> <span class='ocrx_word' id='word_1_191' title='bbox 1424 3107 1586 3166; x_wconf 86' lang='lat' dir='ltr'><strong>testantur</strong></span> <span class='ocrx_word' id='word_1_192' title='bbox 1608 3102 1685 3170; x_wconf 87' lang='lat' dir='ltr'><strong>Arr.</strong></span> <span class='ocrx_word' id='word_1_193' title='bbox 1708 3101 1730 3170; x_wconf 92' lang='lat' dir='ltr'><strong>l.</strong></span> <span class='ocrx_word' id='word_1_194' title='bbox 1753 3102 1776 3168; x_wconf 90' lang='lat' dir='ltr'><strong>l.</strong></span> 
     </span>
     <span class='ocr_line' id='line_1_23' title="bbox 442 3204 1777 3291; baseline -0.001 -16"><span class='ocrx_word' id='word_1_195' title='bbox 442 3210 529 3287; x_wconf 62' lang='lat'><strong>123</strong></span> <span class='ocrx_word' id='word_1_196' title='bbox 552 3206 655 3272; x_wconf 87' lang='lat' dir='ltr'><strong>Marc.</strong></span> <span class='ocrx_word' id='word_1_197' title='bbox 672 3208 694 3273; x_wconf 82' lang='lat'>8</span> <span class='ocrx_word' id='word_1_198' title='bbox 710 3204 742 3282; x_wconf 92' lang='grc' dir='ltr'><strong>(Ι</strong></span> <span class='ocrx_word' id='word_1_199' title='bbox 759 3205 837 3285; x_wconf 80' lang='grc'><strong>669)</strong></span> <span class='ocrx_word' id='word_1_200' title='bbox 858 3204 967 3268; x_wconf 89' lang='lat' dir='ltr'><strong>Anou.</strong></span> <span class='ocrx_word' id='word_1_201' title='bbox 984 3208 1004 3273; x_wconf 88' lang='lat'><strong>3</strong></span> <span class='ocrx_word' id='word_1_202' title='bbox 1021 3204 1158 3291; x_wconf 79' lang='lat'>(1403).</span> <span class='ocrx_word' id='word_1_203' title='bbox 1204 3226 1279 3270; x_wconf 91' lang='lat' dir='ltr'><strong>nam</strong></span> <span class='ocrx_word' id='word_1_204' title='bbox 1301 3207 1336 3270; x_wconf 90' lang='lat' dir='ltr'><strong>in</strong></span> <span class='ocrx_word' id='word_1_205' title='bbox 1359 3207 1487 3272; x_wconf 90' lang='lat' dir='ltr'><strong>nomine</strong></span> <span class='ocrx_word' id='word_1_206' title='bbox 1503 3204 1590 3290; x_wconf 76' lang='lat' dir='ltr'><strong>Syris</strong></span> <span class='ocrx_word' id='word_1_207' title='bbox 1612 3208 1666 3271; x_wconf 86' lang='lat' dir='ltr'><strong>vix</strong></span> <span class='ocrx_word' id='word_1_208' title='bbox 1688 3206 1777 3273; x_wconf 88' lang='lat' dir='ltr'><strong>aliud</strong></span> 
     </span>
     <span class='ocr_line' id='line_1_24' title="bbox 441 3308 1779 3396; baseline 0 -18"><span class='ocrx_word' id='word_1_209' title='bbox 441 3313 524 3378; x_wconf 87' lang='lat' dir='ltr'><strong>latet</strong></span> <span class='ocrx_word' id='word_1_210' title='bbox 546 3312 611 3375; x_wconf 88' lang='lat' dir='ltr'><strong>nisi</strong></span> <span class='ocrx_word' id='word_1_211' title='bbox 638 3311 745 3386; x_wconf 78' lang='grc' dir='ltr'><strong><em>Ψίλλις</em></strong></span> <span class='ocrx_word' id='word_1_212' title='bbox 767 3308 892 3375; x_wconf 87' lang='lat' dir='ltr'><strong>fluvius.</strong></span> <span class='ocrx_word' id='word_1_213' title='bbox 938 3309 998 3372; x_wconf 80' lang='lat' dir='ltr'><strong>Pa·</strong></span> <span class='ocrx_word' id='word_1_214' title='bbox 1029 3319 1139 3376; x_wconf 87' lang='lat' dir='ltr'><strong>autem</strong></span> <span class='ocrx_word' id='word_1_215' title='bbox 1171 3312 1205 3377; x_wconf 94' lang='lat' dir='ltr'><strong>in</strong></span> <span class='ocrx_word' id='word_1_216' title='bbox 1235 3312 1362 3396; x_wconf 85' lang='lat' dir='ltr'><strong>vulgari</strong></span> <span class='ocrx_word' id='word_1_217' title='bbox 1389 3334 1536 3378; x_wconf 87' lang='lat' dir='ltr'><strong>sermone</strong></span> <span class='ocrx_word' id='word_1_218' title='bbox 1557 3311 1779 3378; x_wconf 84' lang='lat' dir='ltr'><strong>Romanorum</strong></span> 
     </span>
    </p>
   </div>
   <div class='ocr_carea' id='block_1_8' title="bbox 440 3415 1778 3608">
    <p class='ocr_par' dir='ltr' id='par_1_9' title="bbox 440 3415 1778 3608">
     <span class='ocr_line' id='line_1_25' title="bbox 440 3415 1778 3505; baseline 0.001 -22"><span class='ocrx_word' id='word_1_219' title='bbox 440 3422 475 3483; x_wconf 92' lang='lat' dir='ltr'><strong>in</strong></span> <span class='ocrx_word' id='word_1_220' title='bbox 501 3415 538 3479; x_wconf 83' lang='lat' dir='ltr'><strong>S·</strong></span> <span class='ocrx_word' id='word_1_221' title='bbox 561 3417 678 3482; x_wconf 86' lang='lat' dir='ltr'><strong>abiisse</strong></span> <span class='ocrx_word' id='word_1_222' title='bbox 700 3423 813 3481; x_wconf 89' lang='lat' dir='ltr'><strong>notum</strong></span> <span class='ocrx_word' id='word_1_223' title='bbox 836 3423 895 3482; x_wconf 92' lang='lat' dir='ltr'><strong>est.</strong></span> <span class='ocrx_word' id='word_1_224' title='bbox 940 3424 1012 3481; x_wconf 90' lang='lat' dir='ltr'><strong>tum</strong></span> <span class='ocrx_word' id='word_1_225' title='bbox 1031 3418 1065 3481; x_wconf 92' lang='lat' dir='ltr'><strong>in</strong></span> <span class='ocrx_word' id='word_1_226' title='bbox 1081 3420 1208 3484; x_wconf 91' lang='lat' dir='ltr'><strong>nomine</strong></span> <span class='ocrx_word' id='word_1_227' title='bbox 1219 3431 1326 3503; x_wconf 82' lang='lat' dir='ltr'><strong>portus</strong></span> <span class='ocrx_word' id='word_1_228' title='bbox 1343 3417 1455 3505; x_wconf 83' lang='lat' dir='ltr'><strong>Calpas</strong></span> <span class='ocrx_word' id='word_1_229' title='bbox 1471 3420 1625 3484; x_wconf 89' lang='lat' dir='ltr'><strong>Doricam</strong></span> <span class='ocrx_word' id='word_1_230' title='bbox 1640 3418 1778 3485; x_wconf 88' lang='lat' dir='ltr'><strong>formam</strong></span> 
     </span>
     <span class='ocr_line' id='line_1_26' title="bbox 441 3521 1326 3608; baseline -0.001 -18"><span class='ocrx_word' id='word_1_231' title='bbox 441 3525 628 3591; x_wconf 87' lang='lat' dir='ltr'><strong>Marcianus</strong></span> <span class='ocrx_word' id='word_1_232' title='bbox 651 3544 780 3606; x_wconf 91' lang='lat' dir='ltr'><strong>quoque</strong></span> <span class='ocrx_word' id='word_1_233' title='bbox 803 3522 948 3588; x_wconf 86' lang='lat' dir='ltr'><strong>exbibet:</strong></span> <span class='ocrx_word' id='word_1_234' title='bbox 973 3521 1019 3601; x_wconf 84' lang='grc' dir='ltr'><strong>εἷς</strong></span> <span class='ocrx_word' id='word_1_235' title='bbox 1042 3523 1182 3589; x_wconf 71' lang='lat' dir='ltr'><strong>Kotinai</strong></span> <span class='ocrx_word' id='word_1_236' title='bbox 1204 3524 1326 3608; x_wconf 81' lang='grc' dir='ltr'><strong><em>λιμένα.</em></strong></span> 
     </span>
    </p>
   </div>
   <div class='ocr_carea' id='block_1_9' title="bbox 422 3645 1782 4477">
    <p class='ocr_par' dir='ltr' id='par_1_10' title="bbox 422 3645 1782 4477">
     <span class='ocr_line' id='line_1_27' title="bbox 422 3645 1779 3733; baseline 0.001 -19"><span class='ocrx_word' id='word_1_237' title='bbox 422 3673 427 3682; x_wconf 72' lang='grc'><em>’</em></span> <span class='ocrx_word' id='word_1_238' title='bbox 555 3648 630 3714; x_wconf 90' lang='lat' dir='ltr'><strong>dein</strong></span> <span class='ocrx_word' id='word_1_239' title='bbox 653 3645 805 3732; x_wconf 76' lang='lat' dir='ltr'><strong>Sapparis</strong></span> <span class='ocrx_word' id='word_1_240' title='bbox 825 3646 935 3725; x_wconf 56' lang='lat' dir='ltr'><strong>auaui</strong></span> <span class='ocrx_word' id='word_1_241' title='bbox 957 3668 997 3711; x_wconf 87' lang='lat' dir='ltr'><strong>ex</strong></span> <span class='ocrx_word' id='word_1_242' title='bbox 1019 3648 1179 3731; x_wconf 86' lang='lat' dir='ltr'><strong>periegesi</strong></span> <span class='ocrx_word' id='word_1_243' title='bbox 1201 3650 1327 3714; x_wconf 85' lang='lat' dir='ltr'><strong>videtur</strong></span> <span class='ocrx_word' id='word_1_244' title='bbox 1350 3670 1420 3714; x_wconf 89' lang='lat' dir='ltr'><strong>esse</strong></span> <span class='ocrx_word' id='word_1_245' title='bbox 1443 3656 1601 3733; x_wconf 90' lang='lat' dir='ltr'><strong>sumptus.</strong></span> <span class='ocrx_word' id='word_1_246' title='bbox 1646 3672 1723 3715; x_wconf 88' lang='lat' dir='ltr'><strong>nam</strong></span> <span class='ocrx_word' id='word_1_247' title='bbox 1745 3651 1779 3715; x_wconf 91' lang='lat' dir='ltr'><strong>in</strong></span> 
     </span>
     <span class='ocr_line' id='line_1_28' title="bbox 443 3750 1779 3837; baseline 0.001 -14"><span class='ocrx_word' id='word_1_248' title='bbox 443 3756 628 3825; x_wconf 90' lang='lat' dir='ltr'><strong>Itinerariis</strong></span> <span class='ocrx_word' id='word_1_249' title='bbox 656 3754 763 3820; x_wconf 82' lang='lat' dir='ltr'><strong>forma</strong></span> <span class='ocrx_word' id='word_1_250' title='bbox 788 3750 958 3835; x_wconf 80' lang='lat' dir='ltr'><strong>Sauparius</strong></span> <span class='ocrx_word' id='word_1_251' title='bbox 989 3760 1114 3835; x_wconf 85' lang='lat' dir='ltr'><strong>regnat,</strong></span> <span class='ocrx_word' id='word_1_252' title='bbox 1146 3777 1211 3837; x_wconf 90' lang='lat' dir='ltr'><strong>qua</strong></span> <span class='ocrx_word' id='word_1_253' title='bbox 1242 3761 1275 3819; x_wconf 86' lang='lat' dir='ltr'><strong>et</strong></span> <span class='ocrx_word' id='word_1_254' title='bbox 1302 3752 1448 3821; x_wconf 90' lang='lat' dir='ltr'><strong>Isidorus</strong></span> <span class='ocrx_word' id='word_1_255' title='bbox 1477 3777 1554 3821; x_wconf 89' lang='lat' dir='ltr'><strong>usus</strong></span> <span class='ocrx_word' id='word_1_256' title='bbox 1585 3762 1635 3821; x_wconf 89' lang='lat' dir='ltr'><strong>est</strong></span> <span class='ocrx_word' id='word_1_257' title='bbox 1665 3759 1779 3837; x_wconf 79' lang='lat'><strong>5,147</strong></span> 
     </span>
     <span class='ocr_line' id='line_1_29' title="bbox 442 3856 1779 3948; baseline 0.001 -23"><span class='ocrx_word' id='word_1_258' title='bbox 442 3862 621 3948; x_wconf 67' lang='lat' dir='ltr'><strong>supportas.</strong></span> <span class='ocrx_word' id='word_1_259' title='bbox 668 3859 754 3925; x_wconf 90' lang='lat' dir='ltr'><strong>unde</strong></span> <span class='ocrx_word' id='word_1_260' title='bbox 770 3862 835 3940; x_wconf 88' lang='lat'><strong>6‚4</strong></span> <span class='ocrx_word' id='word_1_261' title='bbox 856 3880 916 3943; x_wconf 89' lang='lat' dir='ltr'><strong>pro</strong></span> <span class='ocrx_word' id='word_1_262' title='bbox 933 3856 1093 3942; x_wconf 78' lang='lat' dir='ltr'><strong>Sopiorius</strong></span> <span class='ocrx_word' id='word_1_263' title='bbox 1108 3858 1244 3926; x_wconf 86' lang='lat' dir='ltr'><strong>fortasse</strong></span> <span class='ocrx_word' id='word_1_264' title='bbox 1260 3859 1428 3946; x_wconf 66' lang='lat' dir='ltr'><strong>supportas</strong></span> <span class='ocrx_word' id='word_1_265' title='bbox 1443 3860 1704 3927; x_wconf 90' lang='lat' dir='ltr'><strong>substituendum</strong></span> <span class='ocrx_word' id='word_1_266' title='bbox 1719 3869 1779 3945; x_wconf 91' lang='lat' dir='ltr'><strong>est,</strong></span> 
     </span>
     <span class='ocr_line' id='line_1_30' title="bbox 444 3964 1779 4053; baseline 0 -18"><span class='ocrx_word' id='word_1_267' title='bbox 444 3971 507 4035; x_wconf 90' lang='lat' dir='ltr'><strong>nisi</strong></span> <span class='ocrx_word' id='word_1_268' title='bbox 522 3968 606 4036; x_wconf 88' lang='lat' dir='ltr'><strong>forte</strong></span> <span class='ocrx_word' id='word_1_269' title='bbox 630 3966 688 4032; x_wconf 89' lang='lat' dir='ltr'><strong>illa</strong></span> <span class='ocrx_word' id='word_1_270' title='bbox 710 3964 854 4049; x_wconf 87' lang='lat' dir='ltr'><strong>vulgaris</strong></span> <span class='ocrx_word' id='word_1_271' title='bbox 870 3965 1030 4047; x_wconf 90' lang='lat' dir='ltr'><strong>quaedam</strong></span> <span class='ocrx_word' id='word_1_272' title='bbox 1047 3964 1151 4029; x_wconf 81' lang='lat' dir='ltr'><strong>torma</strong></span> <span class='ocrx_word' id='word_1_273' title='bbox 1167 3970 1226 4045; x_wconf 88' lang='lat' dir='ltr'><strong>est,</strong></span> <span class='ocrx_word' id='word_1_274' title='bbox 1251 3967 1362 4049; x_wconf 88' lang='lat' dir='ltr'><strong>quales</strong></span> <span class='ocrx_word' id='word_1_275' title='bbox 1378 3967 1555 4034; x_wconf 89' lang='lat' dir='ltr'><strong>Itineraria</strong></span> <span class='ocrx_word' id='word_1_276' title='bbox 1568 3967 1779 4053; x_wconf 87' lang='lat' dir='ltr'><strong>praebebant.</strong></span> 
     </span>
     <span class='ocr_line' id='line_1_31' title="bbox 444 4068 1782 4155; baseline 0 -15"><span class='ocrx_word' id='word_1_277' title='bbox 444 4074 527 4141; x_wconf 92' lang='lat' dir='ltr'><strong>nibil</strong></span> <span class='ocrx_word' id='word_1_278' title='bbox 549 4073 666 4139; x_wconf 91' lang='lat' dir='ltr'><strong>horum</strong></span> <span class='ocrx_word' id='word_1_279' title='bbox 687 4072 773 4155; x_wconf 92' lang='lat' dir='ltr'><strong>apud</strong></span> <span class='ocrx_word' id='word_1_280' title='bbox 789 4068 920 4136; x_wconf 87' lang='lat' dir='ltr'><strong>Melam.</strong></span> <span class='ocrx_word' id='word_1_281' title='bbox 968 4090 1008 4133; x_wconf 88' lang='lat' dir='ltr'><strong>ex</strong></span> <span class='ocrx_word' id='word_1_282' title='bbox 1031 4071 1241 4153; x_wconf 87' lang='lat' dir='ltr'><strong>sequentibus</strong></span> <span class='ocrx_word' id='word_1_283' title='bbox 1256 4072 1421 4139; x_wconf 87' lang='lat' dir='ltr'><strong>Heraclea</strong></span> <span class='ocrx_word' id='word_1_284' title='bbox 1444 4082 1476 4140; x_wconf 87' lang='lat' dir='ltr'><strong>et</strong></span> <span class='ocrx_word' id='word_1_285' title='bbox 1492 4074 1569 4141; x_wconf 75' lang='lat' dir='ltr'><strong>Tios</strong></span> <span class='ocrx_word' id='word_1_286' title='bbox 1592 4095 1782 4141; x_wconf 91' lang='lat' dir='ltr'><strong>commemo-</strong></span> 
     </span>
     <span class='ocr_line' id='line_1_32' title="bbox 445 4178 1781 4247; baseline 0.001 -2"><span class='ocrx_word' id='word_1_287' title='bbox 445 4191 562 4245; x_wconf 89' lang='lat' dir='ltr'><strong>rantur</strong></span> <span class='ocrx_word' id='word_1_288' title='bbox 593 4181 628 4243; x_wconf 93' lang='lat' dir='ltr'><strong>in</strong></span> <span class='ocrx_word' id='word_1_289' title='bbox 654 4178 848 4247; x_wconf 88' lang='lat' dir='ltr'><strong>Itinerariis.</strong></span> <span class='ocrx_word' id='word_1_290' title='bbox 894 4198 1063 4242; x_wconf 88' lang='lat' dir='ltr'><strong>mensuras</strong></span> <span class='ocrx_word' id='word_1_291' title='bbox 1098 4185 1207 4244; x_wconf 90' lang='lat' dir='ltr'><strong>autem</strong></span> <span class='ocrx_word' id='word_1_292' title='bbox 1241 4179 1288 4244; x_wconf 92' lang='lat' dir='ltr'><strong>ibi</strong></span> <span class='ocrx_word' id='word_1_293' title='bbox 1320 4180 1506 4247; x_wconf 86' lang='lat' dir='ltr'><strong>insistentes</strong></span> <span class='ocrx_word' id='word_1_294' title='bbox 1541 4203 1581 4247; x_wconf 85' lang='lat' dir='ltr'><strong>ex</strong></span> <span class='ocrx_word' id='word_1_295' title='bbox 1613 4182 1781 4247; x_wconf 87' lang='lat' dir='ltr'><strong>itinerario</strong></span> 
     </span>
     <span class='ocr_line' id='line_1_33' title="bbox 446 4283 1781 4369; baseline 0.004 -20"><span class='ocrx_word' id='word_1_296' title='bbox 446 4284 577 4350; x_wconf 86' lang='lat' dir='ltr'><strong>finxisse</strong></span> <span class='ocrx_word' id='word_1_297' title='bbox 610 4290 735 4349; x_wconf 88' lang='lat' dir='ltr'><strong>certum</strong></span> <span class='ocrx_word' id='word_1_298' title='bbox 767 4290 826 4354; x_wconf 87' lang='lat' dir='ltr'><strong>cst.</strong></span> <span class='ocrx_word' id='word_1_299' title='bbox 871 4289 981 4348; x_wconf 90' lang='lat' dir='ltr'><strong>tamen</strong></span> <span class='ocrx_word' id='word_1_300' title='bbox 1004 4283 1131 4348; x_wconf 91' lang='lat' dir='ltr'><strong>nullum</strong></span> <span class='ocrx_word' id='word_1_301' title='bbox 1154 4306 1193 4349; x_wconf 88' lang='lat' dir='ltr'><strong>ex</strong></span> <span class='ocrx_word' id='word_1_302' title='bbox 1207 4286 1261 4365; x_wconf 62' lang='lat' dir='ltr'><strong>ais</strong></span> <span class='ocrx_word' id='word_1_303' title='bbox 1284 4287 1465 4353; x_wconf 92' lang='lat' dir='ltr'><strong>nominibus</strong></span> <span class='ocrx_word' id='word_1_304' title='bbox 1488 4308 1572 4369; x_wconf 90' lang='lat' dir='ltr'><strong>quae</strong></span> <span class='ocrx_word' id='word_1_305' title='bbox 1593 4290 1679 4354; x_wconf 87' lang='lat' dir='ltr'><strong>inter</strong></span> <span class='ocrx_word' id='word_1_306' title='bbox 1701 4289 1781 4354; x_wconf 90' lang='lat' dir='ltr'><strong>duas</strong></span> 
     </span>
     <span class='ocr_line' id='line_1_34' title="bbox 445 4387 1442 4477; baseline 0.003 -22"><span class='ocrx_word' id='word_1_307' title='bbox 445 4390 542 4455; x_wconf 90' lang='lat' dir='ltr'><strong>urbes</strong></span> <span class='ocrx_word' id='word_1_308' title='bbox 564 4389 652 4475; x_wconf 88' lang='lat' dir='ltr'><strong>apud</strong></span> <span class='ocrx_word' id='word_1_309' title='bbox 674 4389 820 4455; x_wconf 91' lang='lat' dir='ltr'><strong>Plinium</strong></span> <span class='ocrx_word' id='word_1_310' title='bbox 843 4388 1027 4468; x_wconf 87' lang='lat' dir='ltr'><strong>laudantur,</strong></span> <span class='ocrx_word' id='word_1_311' title='bbox 1050 4390 1085 4454; x_wconf 91' lang='lat' dir='ltr'><strong>in</strong></span> <span class='ocrx_word' id='word_1_312' title='bbox 1108 4387 1290 4457; x_wconf 83' lang='lat' dir='ltr'><strong>itinerariis</strong></span> <span class='ocrx_word' id='word_1_313' title='bbox 1314 4391 1442 4477; x_wconf 85' lang='lat' dir='ltr'><strong>legitur.</strong></span> 
     </span>
    </p>
   </div>
   <div class='ocr_carea' id='block_1_10' title="bbox 448 4624 1783 5142">
    <p class='ocr_par' dir='ltr' id='par_1_11' title="bbox 448 4624 1783 5142">
     <span class='ocr_line' id='line_1_35' title="bbox 557 4624 1223 4696; baseline 0.006 -18"><span class='ocrx_word' id='word_1_314' title='bbox 557 4626 577 4695; x_wconf 87' lang='lat'><strong>¹)</strong></span> <span class='ocrx_word' id='word_1_315' title='bbox 597 4624 726 4681; x_wconf 87' lang='lat' dir='ltr'><strong>similiter</strong></span> <span class='ocrx_word' id='word_1_316' title='bbox 743 4626 847 4682; x_wconf 83' lang='lat' dir='ltr'><strong>Missos</strong></span> <span class='ocrx_word' id='word_1_317' title='bbox 864 4626 931 4683; x_wconf 78' lang='lat' dir='ltr'><strong>Tab.</strong></span> <span class='ocrx_word' id='word_1_318' title='bbox 950 4628 1029 4681; x_wconf 85' lang='lat' dir='ltr'><strong>Peut.</strong></span> <span class='ocrx_word' id='word_1_319' title='bbox 1047 4643 1099 4696; x_wconf 88' lang='lat' dir='ltr'><strong>pro</strong></span> <span class='ocrx_word' id='word_1_320' title='bbox 1117 4627 1223 4683; x_wconf 87' lang='lat' dir='ltr'><strong>Amiso.</strong></span> 
     </span>
     <span class='ocr_line' id='line_1_36' title="bbox 448 4713 1782 4858; baseline -0.001 -87"><span class='ocrx_word' id='word_1_321' title='bbox 448 4800 506 4855; x_wconf 70' lang='lat' dir='ltr'><strong>An·</strong></span> <span class='ocrx_word' id='word_1_322' title='bbox 532 4715 580 4856; x_wconf 45' lang='lat'><strong>¹¹3</strong></span> <span class='ocrx_word' id='word_1_323' title='bbox 597 4713 705 4858; x_wconf 43' lang='lat' dir='ltr'><strong>qcpcilit</strong></span> <span class='ocrx_word' id='word_1_324' title='bbox 731 4715 805 4783; x_wconf 88' lang='lat' dir='ltr'><strong>quod</strong></span> <span class='ocrx_word' id='word_1_325' title='bbox 831 4720 896 4771; x_wconf 89' lang='lat' dir='ltr'><strong>ante</strong></span> <span class='ocrx_word' id='word_1_326' title='bbox 923 4714 1071 4770; x_wconf 64' lang='lat' dir='ltr'><strong>&amp;omnam</strong></span> <span class='ocrx_word' id='word_1_327' title='bbox 1093 4716 1226 4785; x_wconf 90' lang='lat' dir='ltr'><strong>oppidum</strong></span> <span class='ocrx_word' id='word_1_328' title='bbox 1248 4717 1385 4773; x_wconf 79' lang='lat' dir='ltr'><strong>Amastris</strong></span> <span class='ocrx_word' id='word_1_329' title='bbox 1408 4715 1648 4771; x_wconf 88' lang='lat' dir='ltr'><strong>commemoranda</strong></span> <span class='ocrx_word' id='word_1_330' title='bbox 1671 4715 1725 4769; x_wconf 84' lang='lat' dir='ltr'><strong>fuit</strong></span> <span class='ocrx_word' id='word_1_331' title='bbox 1746 4714 1782 4771; x_wconf 81' lang='lat' dir='ltr'><strong>oi.</strong></span> 
     </span>
     <span class='ocr_line' id='line_1_37' title="bbox 449 4845 1783 5037; baseline 0.001 -87"><span class='ocrx_word' id='word_1_332' title='bbox 449 4891 580 5037; x_wconf 57' lang='lat'><strong>127.)</strong></span> <span class='ocrx_word' id='word_1_333' title='bbox 599 4845 673 4961; x_wconf 71' lang='lat' dir='ltr'><strong>quid</strong></span> <span class='ocrx_word' id='word_1_334' title='bbox 691 4895 861 4952; x_wconf 72' lang='lat' dir='ltr'><strong>Milesiorum</strong></span> <span class='ocrx_word' id='word_1_335' title='bbox 889 4895 992 4950; x_wconf 89' lang='lat' dir='ltr'><strong>dicitur</strong></span> <span class='ocrx_word' id='word_1_336' title='bbox 1019 4896 1161 4966; x_wconf 84' lang='lat' dir='ltr'><strong>oppidum,</strong></span> <span class='ocrx_word' id='word_1_337' title='bbox 1190 4897 1344 4966; x_wconf 85' lang='lat' dir='ltr'><strong>explicatur</strong></span> <span class='ocrx_word' id='word_1_338' title='bbox 1371 4898 1405 4953; x_wconf 89' lang='lat' dir='ltr'><strong>cl.</strong></span> <span class='ocrx_word' id='word_1_339' title='bbox 1424 4897 1533 4966; x_wconf 84' lang='lat' dir='ltr'><strong>Scymn.</strong></span> <span class='ocrx_word' id='word_1_340' title='bbox 1555 4892 1652 4963; x_wconf 75' lang='lat' dir='ltr'><strong>tossq.</strong></span> <span class='ocrx_word' id='word_1_341' title='bbox 1677 4893 1783 4965; x_wconf 80' lang='lat' dir='ltr'>(GGM.</span> 
     </span>
     <span class='ocr_line' id='line_1_38' title="bbox 502 4981 1572 5142; baseline 0.005 -19"><span class='ocrx_word' id='word_1_342' title='bbox 502 4982 518 5037; x_wconf 69' lang='lat'>3</span> <span class='ocrx_word' id='word_1_343' title='bbox 537 4981 581 5139; x_wconf 45' lang='lat'><strong>)·⁴)</strong></span> <span class='ocrx_word' id='word_1_344' title='bbox 600 5067 674 5122; x_wconf 87' lang='lat' dir='ltr'><strong>idem</strong></span> <span class='ocrx_word' id='word_1_345' title='bbox 692 5068 722 5123; x_wconf 92' lang='lat' dir='ltr'><strong>in</strong></span> <span class='ocrx_word' id='word_1_346' title='bbox 739 5066 809 5125; x_wconf 68' lang='lat' dir='ltr'><strong>aab.</strong></span> <span class='ocrx_word' id='word_1_347' title='bbox 827 5067 907 5125; x_wconf 86' lang='lat' dir='ltr'><strong>Pent.</strong></span> <span class='ocrx_word' id='word_1_348' title='bbox 924 5068 1077 5123; x_wconf 85' lang='lat' dir='ltr'><strong>indicatur:</strong></span> <span class='ocrx_word' id='word_1_349' title='bbox 1096 5071 1133 5126; x_wconf 88' lang='lat' dir='ltr'><strong>ad</strong></span> <span class='ocrx_word' id='word_1_350' title='bbox 1151 5070 1248 5127; x_wconf 70' lang='lat' dir='ltr'><strong>lumbus</strong></span> <span class='ocrx_word' id='word_1_351' title='bbox 1260 5070 1293 5141; x_wconf 78' lang='lat' dir='ltr'><strong>fl,</strong></span> <span class='ocrx_word' id='word_1_352' title='bbox 1311 5070 1421 5142; x_wconf 80' lang='lat' dir='ltr'><strong>(debuit</strong></span> <span class='ocrx_word' id='word_1_353' title='bbox 1441 5071 1572 5142; x_wconf 70' lang='lat' dir='ltr'><strong>Rutu).</strong></span> 
     </span>
    </p>
   </div>
   <div class='ocr_carea' id='block_1_11' title="bbox 0 0 2160 6020">
    <p class='ocr_par' dir='ltr' id='par_1_12' title="bbox 0 0 2160 6020">
     <span class='ocr_line' id='line_1_39' title="bbox 0 0 2160 6020; baseline 0 0"><span class='ocrx_word' id='word_1_354' title='bbox 0 0 2160 6020; x_wconf 95' lang='lat' dir='ltr'><strong> </strong></span> 
     </span>
    </p>
   </div>
  </div>
 </body>
</html>
