4275 6025
1058 625 1124 689 184

423 834 577 902 animum.
633 834 744 919 agitur
776 834 818 901 de
846 834 940 907 initio
972 835 992 923 ξ
1018 838 1062 907 26
1093 834 1150 902 ubi
1180 855 1264 920 quae
1292 835 1334 902 de
1363 835 1487 902 Araxis
1518 841 1552 904 et
1580 836 1762 922 Euphratis

422 941 568 1008 fontibus
589 939 776 1024 maduntur,
799 941 1017 1008 narrationem
1035 942 1287 1028 interrumpunt.
1333 948 1368 1008 at
1383 941 1463 1008 haec
1477 963 1542 1010 nou
1557 944 1760 1011 Muciaueam

423 1049 580 1134 originem
608 1067 689 1133 prae
719 1068 754 1114 se
783 1047 902 1115 imunt.
948 1071 1023 1116 nam
1046 1049 1073 1115 si
1096 1048 1227 1116 Araxes
1250 1055 1284 1116 et
1305 1048 1495 1135 Euphrates
1517 1049 1630 1117 eodem
1651 1056 1763 1117 moute

422 1156 582 1238 oriuntur,
606 1156 635 1222 is
655 1175 720 1222 non
736 1160 786 1222 est
801 1155 954 1242 Capotes,
977 1157 1063 1222 unde
1077 1156 1249 1223 Mucianus
1265 1155 1441 1242 Euphratis
1457 1157 1615 1242 originem
1629 1158 1763 1243 repetiit

423 1263 547 1348 (5,83).
592 1263 705 1346 itaque
738 1262 805 1329 sive
835 1261 965 1348 Abos¹)
999 1262 1067 1328 sive
1100 1262 1178 1348 Aga
1212 1283 1285 1328 cum
1319 1259 1503 1330 Corbulone
1535 1263 1591 1330 ille
1624 1263 1761 1331 duorum

421 1368 564 1436 amnium
593 1373 690 1454 pater
718 1368 849 1453 dicitur,
880 1369 996 1453 utique
1026 1367 1089 1435 hoc
1119 1368 1272 1436 abhorret
1301 1367 1507 1440 aMuciano.
1551 1370 1760 1456 quamobrem

424 1476 503 1561 quin
526 1472 657 1542 aliunde
679 1475 741 1541 hoc
763 1475 966 1541 enuntiatum
988 1475 1148 1541 insertum
1171 1475 1224 1556 sit,
1247 1496 1313 1540 non
1336 1475 1450 1542 dubito
1458 1475 1497 1563 ⁹).

532 1580 574 1648 de
596 1581 686 1647 exitu
709 1584 818 1646 autem
840 1578 964 1646 Araxis
982 1579 1111 1646 Plinius
1133 1580 1258 1664 primus
1280 1602 1397 1650 noram
1420 1580 1601 1649 doctrinam
1623 1582 1759 1669 profert,

421 1708 520 1772 quam
548 1687 714 1773 plerisque
744 1684 916 1771 probatam
947 1685 1037 1753 dicit.
1090 1687 1148 1753 sed
1177 1687 1321 1754 novimus
1348 1688 1417 1754 eius
1439 1709 1560 1754 morem
1583 1711 1760 1775 pronomen

420 1793 593 1879 pluraliter
622 1814 682 1879 pro
712 1813 777 1859 uno
807 1793 935 1859 nomine
966 1791 1203 1860 substituentis.
1254 1794 1366 1878 itaque
1388 1815 1461 1860 cum
1484 1795 1620 1879 Pompei
1642 1797 1761 1862 aetatis

420 1901 604 1985 scriptores,
635 1897 785 1983 inprimis
816 1897 1030 1983 Theophanes
1053 1896 1172 1983 Cyrum
1200 1906 1234 1965 et
1257 1900 1391 1966 Araxen
1423 1901 1517 1966 iuxta
1538 1900 1678 1986 quidem,
1702 1901 1760 1968 sed

419 2027 485 2072 non
507 2006 694 2072 coniunctos
715 2005 749 2069 in
771 2024 862 2070 mare
884 2003 1002 2071 deferri
1024 2005 1202 2087 docuerint,
1227 2005 1262 2071 id
1286 2005 1373 2090 quod
1396 2005 1646 2078 exstantior
1671 2013 1761 2075 recte

421 2111 560 2179 Carolus
582 2111 744 2178 Iohannes
766 2108 974 2194 Neumann⁸l
1002 2111 1170 2195 conclusit,
1199 2113 1289 2181 haud
1318 2114 1383 2180 scio
1406 2135 1449 2180 an
1471 2135 1587 2180 noram
1608 2115 1759 2181 notitiam

420 2239 493 2284 cum
525 2216 636 2303 aliqua
666 2215 898 2302 probabilitate
919 2216 1072 2285 Muciano
1103 2219 1251 2289 tribuam.
1297 2240 1373 2285 nam
1403 2220 1489 2286 inter
1510 2221 1703 2307 Pompeium
1725 2227 1759 2286 et

420 2323 638 2392 Corbulonem
660 2343 756 2391 nemo
778 2324 947 2390 Romanus
968 2323 1161 2390 Armeniam
1183 2325 1375 2410 penetrarit.

534 2429 601 2495 iam
623 2429 664 2493 de
691 2430 782 2513 6,12
811 2429 866 2496 ubi
895 2429 1055 2513 quaedam
1088 2449 1187 2513 supra
1217 2431 1428 2515 seposuimus,
1461 2427 1637 2499 videamus.
1683 2452 1758 2497 nam

419 2538 453 2602 iu
481 2535 653 2601 Mucianae
683 2534 860 2601 Armeniae
890 2536 1106 2620 descriptione
1134 2538 1165 2616 6,
1178 2537 1221 2605 29
1252 2557 1272 2602 a
1304 2536 1405 2601 latere
1428 2532 1651 2602 Colchicarum
1685 2537 1759 2602 soli-

418 2640 570 2708 tudinum
597 2641 639 2708 ad
661 2638 841 2734 Ceraunios
864 2661 967 2722 verso,
999 2640 1029 2708 h.
1052 2661 1080 2706 e.
1110 2640 1151 2706 ad
1181 2645 1330 2706 exortum
1360 2639 1438 2705 solis
1460 2639 1757 2726 Armenochalybes

419 2749 545 2819 sedent.
591 2749 647 2834 qui
680 2750 769 2832 6,12
800 2747 887 2814 ultra
909 2747 1146 2833 Trapezuntem
1177 2747 1385 2812 collocantur.
1433 2743 1491 2811 sed
1524 2766 1597 2812 cum
1626 2754 1759 2830 praeter

417 2857 477 2922 hos
501 2855 583 2922 duce
610 2854 698 2922 locos
720 2855 1018 2939 Armenochalybes
1049 2875 1210 2940 nusquam
1241 2859 1537 2935 commemorentur,
1572 2855 1757 2922 coniectura

417 2982 484 3028 non
504 2961 602 3027 nimis
633 2958 743 3029 audax
771 2960 909 3043 ridetur,
941 2981 996 3027 eos
1019 2962 1106 3039 6,12
1131 2981 1171 3027 ex
1193 2958 1345 3026 Muciano
1377 2959 1554 3045 suppletus.
1600 2961 1652 3027 cui
1681 2981 1757 3029 con·

418 3070 506 3135 venit
521 3068 610 3152 quod
625 3090 709 3135 unus
724 3067 895 3135 Mucianus
912 3089 953 3133 ex
963 3067 1052 3135 Plini
1067 3067 1211 3134 fontibus
1227 3067 1399 3152 diligenter
1413 3067 1587 3133 Armenias
1603 3070 1756 3136 maiorem

417 3179 451 3239 et
472 3174 628 3239 minorem
651 3174 808 3243 distinxit.
1032 3244 1035 3251 ,

529 3284 600 3344 tum
623 3281 654 3357 6,
668 3281 712 3348 30
730 3290 836 3365 ponae
851 3276 1015 3345 aenaeae
1037 3301 1149 3364 mopso
1171 3299 1268 3343 errore
1288 3278 1388 3341 maltis
1405 3276 1533 3363 Caspiae
1555 3281 1654 3345 diotae
1668 3302 1756 3347 com·

417 3389 646 3451 memorantur.
693 3405 777 3468 quae
812 3406 885 3451 cum
919 3386 1039 3471 optime
1074 3385 1244 3452 coniuncta
1279 3384 1344 3450 sint
1376 3404 1448 3450 cum
1479 3386 1755 3465 antecedentibus,

417 3491 566 3558 Muciano
591 3492 706 3575 procul
735 3490 834 3558 dubio
866 3489 1080 3557 adscribenda
1118 3496 1203 3559 sunt.
1249 3490 1395 3556 aliaest
1425 3491 1587 3556 sententia
1608 3490 1756 3557 Miinneri
1821 3482 1826 3497 '

416 3600 437 3667 l.
462 3598 484 3667 l.
507 3621 539 3683 p.
565 3601 630 3668 394
655 3600 710 3682 qui
735 3620 808 3665 emn
831 3621 851 3665 a
873 3598 982 3665 Plinio
1005 3599 1126 3683 corrigi
1149 3602 1258 3664 censet
1281 3600 1311 3677 6,
1325 3601 1379 3667 40.
1426 3602 1463 3662 at
1490 3596 1563 3681 quis
1586 3604 1660 3681 post
1681 3597 1753 3663 Mu·

416 3707 545 3773 cianum
568 3706 699 3772 eivers
721 3705 930 3791 suppeditare
952 3705 1106 3790 potuerit,
1129 3704 1255 3770 frustra
1272 3702 1481 3787 quaesiveris.
1519 3724 1604 3788 quae
1619 3724 1692 3769 cum
1707 3704 1755 3770 ita

416 3815 491 3895 sint,
516 3816 548 3896 6,
560 3817 604 3883 40
628 3834 757 3898 quoque
780 3833 801 3878 a
823 3810 933 3879 Plinio
956 3813 1140 3879 eMuciano
1163 3811 1357 3877 translatum
1381 3831 1450 3876 esse
1473 3810 1587 3880 iudico.
1625 3810 1755 3876 videtur

414 3920 516 4005 igitur
538 3919 594 3986 ille
617 3940 671 3987 eos
693 3920 903 4004 vituperasse,
928 3919 983 4002 qui
1005 3938 1079 3984 cum
1097 3915 1281 3985 Corbulone
1303 3937 1356 3983 res
1378 3917 1412 3981 in
1434 3916 1594 3982 Ameria
1615 3938 1753 4001 gessere.

416 4047 498 4110 quos
520 4048 595 4094 vero
618 4026 789 4093 Mucianus
811 4026 937 4115 dixerit,
967 4025 1053 4092 haud
1077 4026 1213 4091 obscure
1243 4022 1444 4109 significatur
1473 4024 1592 4091 verbis:
1625 4026 1753 4111 adusque

416 4134 526 4218 depicti
547 4144 574 4197 ct
595 4135 664 4197 iada
687 4133 769 4196 mesi
790 4133 843 4195 lroc
864 4154 971 4196 omnen
992 4132 1167 4217 inemptum
1190 4130 1304 4200 babeat.
1346 4151 1429 4215 quae
1452 4152 1524 4197 cum
1548 4131 1592 4197 ad
1610 4130 1753 4199 Muciani

415 4258 496 4322 opus
518 4259 728 4322 nequaquam
750 4236 867 4304 referri
889 4238 1023 4323 possint,
1054 4237 1173 4303 erroris
1203 4237 1383 4304 emendatio
1414 4239 1493 4322 quin
1523 4239 1553 4303 ei
1584 4238 1750 4320 debeatur,

415 4343 472 4426 qui
494 4366 578 4410 unus
600 4344 668 4410 fere
691 4366 802 4411 uerum
825 4345 907 4411 scire
930 4344 1045 4428 potuit,
1069 4363 1184 4429 nempe
1206 4343 1366 4426 Muciano,
1391 4366 1455 4412 non
1477 4345 1600 4413 dubito.

524 4554 546 4623 ¹)
565 4554 599 4610 ci.
619 4554 711 4609 Strab.
725 4558 777 4613 527
796 4553 811 4609 ὁ
828 4552 918 4624 Ἄβας,
938 4553 985 4627 ἀφ’
1005 4549 1037 4609 οὗ
1056 4560 1101 4609 καὶ
1119 4552 1292 4628 ὁΕὕφράτης
1309 4561 1350 4628 ῥεῖ
1368 4558 1412 4608 καὶ
1425 4552 1441 4607 ὁ
1454 4552 1573 4626 Ἀράξης,
1591 4553 1671 4626 ὃμὲν
1683 4558 1752 4633 πρὸς

414 4640 498 4711 δύσιν,
517 4640 533 4694 ὁ
553 4641 583 4695 le
600 4642 669 4716 πρὸς
688 4643 831 4699 ἀνατολάς.
869 4643 941 4699 Plut.
961 4646 1059 4714 Pomp.
1079 4646 1121 4701 33.

522 4732 545 4804 ’)
564 4732 637 4786 unde
660 4737 817 4802 exemptum
843 4735 887 4799 sit,
912 4732 988 4788 haud
1012 4734 1069 4788 scio
1093 4751 1129 4788 au
1151 4750 1185 4789 ex
1208 4734 1233 4800 6,
1243 4732 1277 4791 39
1297 4748 1464 4803 cognoscere
1481 4733 1627 4803 possimus,
1649 4737 1697 4791 ubi
1716 4738 1751 4793 ad

412 4822 440 4890 6,
449 4822 484 4878 26
502 4820 658 4891 respicitur.

522 4910 543 4980 ¹)
563 4909 698 4965 Strabone
716 4908 914 4966 Mamakome
933 4926 985 4967 uon
1002 4908 1170 4967 Kaukalou
1208 4907 1307 4966 Jahrb.
1327 4908 1415 4978 suppl.
1435 4907 1513 4965 XIII
1530 4911 1623 4982 (1884)
1642 4931 1668 4982 p.
1689 4914 1742 4970 326

412 4998 447 5053 ci.
466 4997 540 5054 Plut.
559 4998 656 5069 Pomp,
676 4999 720 5054 34.
