4275 6025
1104 675 1125 739 6

940 880 1024 949 (lato
1047 885 1212 952 censorius

937 985 983 1055 M.
1009 987 1160 1075 Agrippa

936 1091 983 1159 Μ.
1009 1093 1117 1163 Varro

937 1199 1030 1265 divus
1053 1201 1264 1289 Augustus1)

938 1303 1043 1374 Varro
1067 1307 1231 1374 Atacinus

935 1411 1107 1480 Ooruehus
1129 1413 1241 1500 Nepos

935 1520 1089 1606 Hyginus

935 1626 975 1695 L.
1000 1626 1105 1695 Vetus

933 1731 1133 1819 Pomponius
1155 1736 1244 1803 Mela

931 1839 1077 1909 Licinius
1099 1843 1278 1913 Mucianus.

531 2065 687 2133 accedunt
706 2066 880 2132 Arruntius
903 2074 936 2132 et
958 2065 1111 2151 Sebosus,
1136 2091 1221 2153 quae
1243 2077 1375 2144 uomina
1398 2080 1432 2146 in
1454 2080 1506 2151 IV
1530 2082 1634 2149 indice
1658 2084 1779 2151 omissa

441 2179 527 2255 sunt,
551 2172 721 2241 Fabricius
737 2172 872 2254 Tuscus,
896 2175 1003 2258 quiin
1019 2172 1051 2241 V
1067 2175 1174 2243 indice
1196 2200 1260 2245 non
1283 2185 1477 2257 nominatur.
1522 2190 1642 2275 quibus
1664 2197 1777 2259 utrum

440 2277 479 2348 Τ.
496 2277 625 2346 Livium
640 2278 742 2346 addas
758 2301 800 2345 an
816 2300 889 2345 eum
905 2279 958 2346 hic
972 2281 1040 2346 illic
1054 2287 1184 2349 tantum
1200 2290 1383 2359 consultum
1397 2316 1467 2361 esse
1482 2303 1617 2375 statuas,
1638 2296 1777 2364 fortasse

440 2384 650 2454 dubitaveris.
696 2408 735 2453 ac
757 2407 797 2454 ne
820 2387 882 2454 hoc
904 2387 1036 2472 quidem
1063 2409 1084 2454 1
1114 2388 1318 2465 dubitatione
1347 2402 1505 2462 remotum
1537 2409 1596 2476 est,
1627 2409 1703 2466 utar
1733 2404 1777 2469 sit

440 2492 677 2578 intellegendus
699 2494 836 2578 singulis
858 2494 946 2577 locis,
970 2501 1064 2579 pater
1079 2515 1122 2560 au
1137 2494 1235 2566 filius.
1274 2519 1348 2565 nam
1362 2493 1454 2558 illum
1469 2495 1564 2579 vulgo
1579 2502 1775 2588 intellegunt

440 2599 538 2668 2ind.
561 2605 592 2682 3,
605 2606 637 2669 4.
663 2604 726 2670 132
736 2599 770 2682 ²).
816 2600 873 2666 sed
896 2600 975 2666 mihi
1007 2621 1099 2666 secus
1125 2605 1263 2673 ridetur.
1308 2621 1384 2667 uam
1405 2603 1546 2688 primum
1577 2608 1687 2687 3,132
1710 2612 1772 2675 Al·

439 2707 528 2791 pium
551 2706 690 2774 latitudo
714 2706 830 2773 stadiis
853 2708 1025 2790 indicatur,
1049 2730 1148 2793 quam
1170 2728 1354 2777 mensuram
1376 2715 1471 2795 pater
1491 2732 1550 2795 per
1569 2717 1674 2779 totum
1689 2732 1770 2798 opus

439 2819 599 2896 quotquot
621 2812 697 2879 libri
720 2817 841 2882 serrati
864 2822 949 2898 sunt,
972 2817 1106 2902 respuit.
1152 2838 1211 2884 noc
1232 2834 1284 2880 me
1306 2822 1437 2882 movent
1452 2837 1491 2882 ea
1506 2838 1590 2901 quae
1604 2817 1773 2885 Schrader

438 2924 560 3003 postea,
589 2925 627 2984 ut
657 2941 750 2986 suam
780 2920 924 2988 firmaret
954 2925 1148 2991 sententiam
1178 2921 1422 3010 compararitl).
1475 2926 1656 3011 composuit
1688 2927 1774 2993 enim

439 3024 526 3091 Plin.
543 3032 574 3110 4,
591 3029 645 3096 26.
670 3029 722 3098 63.
747 3031 790 3099 64
813 3028 916 3117 (Mela
936 3034 967 3110 2,
983 3035 1040 3114 45)
1061 3052 1134 3097 cum
1155 3029 1293 3112 111135,
1307 3032 1359 3099 27.
1385 3033 1437 3112 28,
1451 3033 1486 3110 7;
1511 3030 1598 3101 Plio.
1614 3038 1714 3114 4,11.
1732 3039 1774 3103 18

441 3129 541 3212 (Μ111
557 3134 892 3220 2,48.49)1111111111.
906 3140 1031 3216 4121
1055 3137 1141 3203 Plin.
1159 3140 1189 3218 4,
1203 3138 1245 3205 93
1262 3134 1364 3222 (Mela
1380 3142 1412 3218 2,
1425 3140 1483 3223 34)
1498 3158 1572 3204 cum
1587 3138 1659 3207 hir.
1676 3143 1730 3222 45,
1744 3142 1773 3210 9.

439 3238 467 3303 11
489 3258 564 3304 vero
580 3242 763 3307 accuratius
778 3242 851 3310 illos
866 3244 953 3311 locos
970 3244 1157 3330 inspexeris,
1185 3263 1250 3308 non
1265 3243 1361 3310 modo
1375 3243 1465 3309 nulla
1483 3265 1519 3309 re
1535 3245 1776 3312 demonstratur

438 3344 584 3412 Plinium
606 3346 788 3434 Melamque
811 3370 852 3415 ex
873 3348 967 3417 Livio
989 3349 1141 3436 pendere,
1174 3347 1231 3414 sed
1255 3349 1433 3416 similitudo
1464 3350 1555 3416 nulla
1584 3358 1645 3418 est.
1690 3373 1774 3437 quae

439 3473 513 3518 cum
536 3453 583 3519 ita
606 3455 681 3535 sint,
701 3455 740 3526 Τ.
756 3455 885 3522 Livium
908 3460 964 3542 qui
987 3460 1019 3537 3,
1034 3463 1066 3526 4.
1092 3458 1166 3526 132.
1192 3455 1295 3526 aiud.
1320 3457 1421 3526 lind.
1446 3456 1606 3538 laudatur,
1636 3460 1774 3525 eundem

439 3560 587 3643 assequi
610 3561 644 3626 in
666 3559 701 3629 V
723 3567 756 3628 et
779 3560 830 3631 VI
853 3562 1011 3630 indicibus
1034 3562 1231 3643 nominatur,
1255 3582 1371 3649 nempe
1393 3562 1505 3645 filium,
1530 3563 1625 3631 credo
1645 3571 1679 3630 ts
1694 3564 1775 3630 mihi

439 3686 675 3738 concessurum.
712 3669 824 3753 itaque
847 3690 1047 3755 quamquam
1069 3669 1104 3733 in
1127 3665 1179 3736 IV
1201 3668 1309 3734 indice
1331 3690 1395 3736 non
1411 3676 1512 3748 extat,
1535 3677 1646 3735 tamen
1660 3670 1775 3738 Livius

439 3770 663 3855 adiungendus
685 3781 734 3841 est
756 3775 805 3841 illi
827 3778 920 3843 seriei
944 3779 1056 3845 eodem
1078 3778 1150 3843 iure
1166 3798 1231 3862 quo
1247 3777 1454 3856 Arruntium,
1470 3775 1638 3856 8111111111,
1657 3776 1774 3844 Fabri·

439 3880 523 3947 cium
546 3878 687 3948 'Puscum
710 3882 745 3947 in
768 3882 913 3949 ordinem
935 3885 1125 3970 recepimus.

527 3986 594 4052 iam
616 3987 783 4056 videamus
806 4011 870 4075 quo
893 3990 1006 4058 ordine
1030 3996 1261 4056 enumerentur
1279 3992 1440 4056 auctores.
1484 3986 1648 4072 Nepotem
1664 3996 1774 4057 autem

440 4094 474 4155 et
495 4088 625 4156 Livium
649 4095 706 4177 qui
730 4096 763 4162 in
786 4095 845 4163 III
868 4097 1101 4182 indiceprimo
1124 4101 1199 4182 post
1214 4094 1412 4163 Turranium
1435 4093 1504 4160 loco
1522 4114 1775 4164 commemoran-

438 4201 503 4281 tur,
532 4205 702 4283 propterea
732 4203 822 4287 quod
849 4204 885 4269 in
916 4203 986 4287 ipso
1016 4201 1095 4268 libri
1126 4202 1259 4269 exordio
1289 4200 1474 4281 mudantur,
1503 4198 1665 4284 Nepotem
1688 4202 1774 4267 Livi·

439 4323 560 4386 umque
584 4304 655 4371 dico
678 4313 716 4371 ut
738 4329 824 4374 nunc
846 4308 976 4392 quidem
998 4309 1198 4391 omittamus,
1222 4307 1367 4374 ordinem
1389 4307 1480 4373 ducit
1498 4304 1582 4372 (1111
1598 4312 1771 4391 censorius,

439 4410 496 4495 qui
518 4409 553 4474 in
575 4408 607 4479 V
631 4416 664 4477 et
685 4412 734 4478 VI
755 4414 862 4481 indice
884 4437 949 4483 non
972 4422 1092 4483 exstat:
1116 4418 1151 4482 in
1174 4417 1258 4482 Asia
1279 4414 1461 4497 Africaque
1484 4412 1695 4482 describenda
1719 4418 1774 4482 vix

440 4516 612 4600 quicquam
635 4538 675 4583 ex
697 4516 887 4605 Originibus
909 4522 1037 4591 Plinius
1059 4544 1185 4591 sumere
1208 4523 1315 4608 potnit
1341 4526 1400 4587 aut
1420 4525 1510 4586 certe
1531 4540 1596 4586 non
1626 4523 1773 4606 sumpsit.

439 4622 563 4706 primus
594 4631 812 4709 enumeratur,
844 4630 990 4712 quamvis
1021 4650 1059 4696 eo
1083 4630 1153 4716 ipso
1177 4651 1241 4697 non
1263 4648 1340 4695 usus
1367 4626 1410 4693 sit
1433 4624 1567 4703 Plinius,
1596 4625 1653 4692 sed
1675 4628 1774 4696 inter·

550 4872 570 4940 1)
589 4871 638 4942 qui
655 4888 706 4928 cur
722 4871 752 4927 111
770 4870 904 4927 librorum
917 4871 945 4929 V
958 4878 986 4929 et
998 4873 1041 4931 VI
1059 4876 1199 4932 indicibus
1216 4876 1335 4933 omissus
1356 4875 1402 4945 sit,
1420 4874 1494 4931 infra
1510 4877 1665 4944 exponetur
1684 4894 1712 4946 p.
1731 4880 1774 4934 111.

550 4961 570 5031 ¹)
589 4960 625 5017 cf.
644 4958 793 5016 Schweder
811 4958 975 5034 Philologus
992 4963 1028 5019 46
1047 4965 1142 5039 (1888)
1161 4984 1188 5036 p.
1207 4967 1269 5024 278.
1305 4965 1419 5022 bilimer
1437 4965 1455 5021 1.
1475 4964 1493 5022 1.
1513 4982 1540 5034 p.
1560 4964 1622 5021 127.

548 5049 573 5121 ⁸)
589 5049 752 5124 Philologus
771 5050 806 5106 54
823 5048 916 5123 (1895)
934 5069 962 5123 p.
981 5054 1042 5111 539.
