4275 6025
985 721 1048 784 191

351 932 554 999 narrationes
577 930 743 998 conflaret.
781 931 838 996 sed
861 928 1063 996 differentiae
1086 950 1218 1015 quoque
1239 931 1448 1014 gravissimae
1470 928 1685 996 inveniuntur.

351 1061 370 1106 ε
394 1037 513 1123 quibua
535 1038 676 1103 maxima
699 1043 748 1103 est
770 1037 865 1104 haec:
891 1040 922 1119 6,
935 1039 979 1107 96
1002 1038 1110 1100 oscum
1132 1035 1247 1100 Persici
1267 1037 1361 1100 marra
1382 1029 1414 1100 Z
1435 1059 1466 1122 p.
1489 1043 1687 1121 computatur.

351 1165 449 1231 quem
463 1163 633 1209 numerum
648 1143 781 1208 veritati
795 1141 884 1208 haud
903 1141 989 1207 male
1003 1140 1279 1208 accommodatum
1294 1139 1504 1208 Detlelscnus
1519 1139 1652 1209 Valesio
1660 1137 1686 1222 1)

351 1256 484 1317 auctore
507 1249 701 1330 immutavit,
726 1248 784 1315 sed
815 1270 993 1334 perperam.
1038 1246 1189 1314 firmatur
1211 1249 1296 1314 enim
1319 1248 1458 1315 traditus
1480 1269 1633 1315 numerus
1655 1253 1689 1313 et

352 1359 463 1436 6152
480 1355 642 1419 Mororum
654 1357 901 1440 promunturium
916 1366 1018 1419 contra
1038 1352 1239 1419 Carmaniam
1254 1356 1344 1418 dictat
1358 1346 1398 1418 Z.
1410 1380 1446 1442 p.
1464 1361 1497 1420 et
1512 1352 1687 1439 Agathcm.

352 1467 442 1547 3,12
466 1464 523 1548 qui
545 1466 611 1532 400
643 1462 757 1528 stadiis
788 1462 875 1529 idem
906 1464 1047 1547 spatium
1066 1465 1256 1545 computat.
1285 1459 1326 1526 of.
1358 1461 1456 1526 etiam
1478 1459 1598 1528 Strabo
1622 1462 1686 1529 727

352 1569 390 1634 τὸ
413 1568 447 1635 δὲ
472 1566 576 1650 στόμα
598 1567 656 1632 τοι)
679 1568 833 1652 Περσικοῦ
855 1566 978 1657 κόλπουΙ
1001 1563 1161 1654 <οὐ>1)
1184 1566 1293 1650 μεῖζον
1315 1564 1491 1653 διάρματσς
1505 1563 1687 1654 ἡμερησίαν,

354 1676 441 1759 quod
462 1673 633 1741 ridiculum
658 1680 751 1754 esset,
777 1675 805 1740 si
827 1674 869 1739 ad
891 1677 936 1743 40
959 1673 1068 1740 stadia
1090 1673 1274 1739 referretur.
1305 1673 1443 1756 denique
1466 1673 1593 1757 egregie
1616 1693 1687 1738 con·

351 1783 438 1849 seuit
461 1780 694 1846 Eratosthenes
719 1778 841 1865 (Strab.
860 1780 941 1863 765)
963 1775 981 1844 ὁ
1004 1778 1066 1861 μὲν
1088 1769 1146 1843 οὖν
1171 1778 1321 1864 Περσικὸς
1343 1777 1464 1856 κόλπος
1484 1779 1611 1863 λέγεται
1633 1778 1686 1841 καὶ

351 1879 371 1973 ἡ
386 1885 468 1951 κατὰ
485 1883 614 1972 Πέρσας
627 1881 790 1949 θάλαττα.
814 1884 894 1970 φησὶ
909 1882 944 1948 δὲ
959 1885 1034 1969 περί
1049 1879 1152 1970 αὐτῆς
1166 1879 1406 1971 Ἐρατοσθένης
1420 1881 1531 1962 οὕτως,
1547 1882 1598 1950 ὅτι
1607 1883 1635 1970 8)
1650 1881 1689 1947 τὸ

350 1991 409 2074 μὲν
430 1989 535 2072 στόμα
558 1983 759 2077 popularibus
791 1990 897 2055 στενὸν
912 1986 1023 2070 οὕτως,
1039 1985 1114 2054 ὥστ’
1138 1984 1175 2069 ἐξ
1197 1986 1402 2075 Ἆρμόζσντσς
1424 1996 1479 2077 τῆς
1502 1991 1688 2083 Καρμανίας

351 2094 546 2184 ἀκρωτηρίου
568 2106 624 2185 τῆς
645 2098 798 2182 Ἀραβίας
819 2092 986 2182 α’φσρᾶται
1011 2096 1051 2163 τὸ
1074 2092 1109 2162 ἐν
1132 2095 1262 2173 Malacae
1284 2097 1340 2185 (cf.
1365 2099 1477 2164 Amm.
1501 2097 1687 2183 23‚6,10).

464 2201 615 2268 Valesius
649 2211 759 2269 autem
793 2225 851 2270 cur
884 2204 943 2271 illo
975 2204 1047 2270 loco
1078 2196 1112 2266 V
1136 2224 1196 2287 pro
1231 2196 1264 2266 Z
1301 2203 1501 2270 substituere
1538 2202 1687 2280 voluerit,

352 2310 482 2374 minime
503 2308 676 2375 obscurum
700 2316 758 2375 est.
795 2315 902 2375 motus
925 2315 975 2375 est
997 2309 1083 2375 enim
1106 2309 1171 2375 alio
1192 2308 1281 2374 Plini
1296 2309 1375 2386 ,loco
1397 2311 1512 2388 6108
1534 2307 1689 2372 Persicam

351 2416 473 2478 ι’πασίιιι
510 2406 736 2489 Viatitudiac'a
759 2415 815 2480 clii
835 2406 1078 2496 III—Iseoaraot.
1118 2415 1174 2481 sed
1196 2415 1249 2481 bic
1270 2414 1443 2481 manifesto
1466 2421 1612 2480 erratum
1628 2418 1688 2478 eat.

351 2528 452 2605 atque
484 2521 573 2587 haud
597 2523 664 2586 ecio
686 2542 730 2587 an
761 2544 781 2587 a
812 2520 960 2586 faucibus
990 2521 1080 2586 sinus
1109 2518 1247 2586 Arabici
1278 2519 1362 2586 falso
1384 2518 1438 2584 hic
1466 2540 1619 2585 numerus
1646 2516 1689 2584 ad

352 2627 477 2693 Persici
499 2629 615 2693 ostium
637 2628 814 2694 translatus
836 2629 881 2693 sit
903 2627 944 2693 cf.
968 2629 1092 2706 6164.
1141 2646 1232 2691 error
1254 2647 1329 2692 vero
1351 2627 1441 2692 nasci
1463 2647 1529 2692 non
1550 2631 1688 2711 poterat,

330 2733 417 2798 nisi
448 2733 489 2800 de
518 2735 610 2801 ostiis
632 2736 723 2801 sinus
745 2735 884 2802 Arabici
906 2733 1094 2818 Persicique
1123 2734 1215 2799 iuxta
1236 2738 1345 2798 actum
1369 2740 1441 2799 erat
1463 2731 1624 2800 insonte:
1648 2733 1687 2800 cl.

351 2839 441 2907 llela
463 2845 494 2922 3,
508 2845 562 2911 73.
579 2846 623 2912 74
646 2842 827 2911 Varronem
850 2843 1063 2927 agnoscimus,
1087 2842 1179 2908 cuius
1200 2842 1341 2926 vestigia
1362 2842 1428 2907 iam
1450 2860 1550 2925 supra
1571 2839 1605 2904 in
1627 2837 1690 2905 hac

350 2951 446 3031 parte
469 2946 662 3030 deteximus,
685 2947 726 3015 cl.
750 2970 782 3034 p.
806 2951 869 3018 105
894 2953 928 3015 et
951 2946 1040 3033 32⁴).

462 3075 568 3139 pauca
589 3055 629 3122 de
652 3057 867 3123 recentiorum
883 3057 935 3122 ria
950 3059 982 3135 6,
999 3058 1175 3126 100-106
1193 3056 1360 3140 proposita
1377 3055 1513 3122 dicenda
1527 3052 1687 3120 ridentur.

351 3160 494 3227 Plinium
516 3163 601 3227 enim
624 3163 667 3228 ad
690 3162 870 3248 supplenda
892 3183 941 3244 ea,
970 3182 1055 3246 quae
1078 3184 1118 3228 ex
1142 3161 1310 3229 doctorum
1333 3163 1484 3248 operibus
1507 3160 1688 3246 exscripsit,

353 3272 390 3331 ut
412 3273 484 3332 erat
506 3288 527 3333 a
548 3269 616 3333 rita
638 3289 702 3334 non
725 3268 860 3343 alienus,
889 3270 1130 3352 negotiatorum
1161 3269 1402 3335 narrationibus
1432 3269 1484 3334 rel
1513 3267 1690 3334 itinerariis

353 3371 442 3438 haud
465 3374 563 3439 semel
585 3395 680 3440 usum
703 3395 773 3440 csse
795 3374 940 3440 vidimus.
975 3375 1023 3440 ita
1046 3396 1179 3440 cursum
1201 3396 1298 3460 quem
1321 3397 1381 3441 sua
1404 3379 1510 3442 aetate
1532 3374 1581 3439 illi
1600 3380 1688 3440 tene-

352 3477 444 3563 bant,
468 3478 525 3545 ubi
549 3477 677 3544 Indiam
699 3479 863 3564 petebant,
887 3487 1038 3547 accurate
1062 3483 1223 3567 exposuit,
1252 3482 1402 3549 indicatis
1425 3482 1523 3547 etiam
1545 3482 1689 3565 priorum

352 3585 534 3652 itineribus.
579 3607 652 3651 cum
675 3606 714 3652 eo
737 3593 844 3652 autem
868 3608 965 3652 cursu
987 3609 1051 3671 quo
1075 3588 1164 3654 Plini
1186 3588 1388 3673 temporibus
1403 3586 1589 3665 utebantur,
1605 3607 1689 3652 com·

351 3693 463 3776 parari
495 3713 590 3776 posse
624 3714 696 3757 eum
731 3693 788 3777 qui
821 3693 855 3758 in
888 3694 1039 3777 anonymi
1068 3695 1222 3780 Περίπλῳ
1249 3697 1304 3781 τῆς
1325 3689 1495 3779 Ἐρυθρᾶς
1520 3690 1691 3779 θαλάσσης

352 3796 558 3879 describitur,
582 3799 669 3863 viros
692 3797 804 3864 doctos
826 3820 890 3865 non
912 3799 1006 3883 fugit.
1053 3821 1236 3884 quaerero
1259 3798 1404 3866 affinitas
1428 3798 1582 3864 existeret
1604 3798 1690 3861 inter

352 3926 427 3971 eum
458 3912 491 3970 et
513 3905 667 3984 Plinium,
698 3906 821 3991 primus
848 3906 1010 3992 quaesivit
1041 3904 1082 3973 a.
1107 3907 1152 3977 A.
1177 3904 1396 3973 Schwaubeck
1404 3905 1443 3992 1),
1467 3904 1524 3989 qui
1545 3903 1690 3968 Plinium

353 4012 424 4095 ipso
460 4011 614 4097 Περίπλῳ
637 4012 769 4095 qualem
802 4033 888 4088 nuno
919 4013 1067 4080 manibus
1100 4019 1256 4094 tenemus,
1289 4034 1384 4078 usum
1417 4032 1486 4077 esse
1513 4008 1688 4078 contendit.

352 4120 447 4185 mitto
470 4118 523 4184 hic
545 4120 728 4185 accuratius
752 4119 792 4186 de
814 4125 959 4205 tempore
982 4121 1051 4186 eius
1075 4121 1216 4187 auctoris
1239 4119 1388 4204 anonymi
1408 4119 1574 4198 dissermu
1598 4135 1691 4200 prae-

353 4226 464 4290 sertim
493 4244 565 4289 cum
595 4223 639 4288 ad
669 4223 814 4290 Plinium
845 4232 958 4293 nostra
989 4226 1122 4309 quidem
1153 4226 1315 4291 sententia
1344 4224 1425 4290 haec
1454 4223 1603 4308 quaestio
1626 4244 1689 4289 non

353 4332 528 4416 pertineat.
573 4352 649 4395 uam
676 4336 764 4397 recte
786 4331 924 4399 Oarolus
947 4330 1103 4416 Mollem)
1126 4336 1239 4397 contra
1261 4328 1548 4397 Schwanbeckium
1571 4333 1688 4405 monet,

462 4491 483 4558 1)
500 4488 631 4544 Reinesio
649 4488 723 4543 idem
741 4489 839 4544 tribuit
856 4488 939 4544 Ianus
957 4488 1040 4545 filius.

461 4576 555 4646 ¹)boc
581 4580 664 4651 vulgo
691 4579 809 4647 addunt3
839 4579 928 4649 possis
956 4578 1041 4633 otiam
1068 4575 1225 4647 <ὂλίγσυ>
1247 4576 1322 4647 quod
1345 4581 1409 4648 post
1432 4574 1536 4630 κόλπου
1557 4575 1689 4631 facillime

354 4664 483 4720 excidere
501 4666 602 4735 potuit.

462 4755 483 4825 ⁶)
502 4770 538 4809 an
557 4754 602 4807 ὅτι
620 4754 789 4811 delendum?

460 4844 483 4912 ⁴)
503 4842 538 4896 de
555 4842 745 4898 additamento
763 4844 853 4914 6,109
869 4842 1041 4899 nemrim
1058 4846 1089 4897 et
1106 4841 1314 4899 Nearchus...
1333 4842 1503 4912 scripserant
1514 4830 1625 4913 ΙΠΠ)
1632 4855 1689 4895 coac

352 4929 387 4986 cf.
406 4948 433 5000 p.
453 4932 496 4986 35.
533 4931 604 4986 adde
623 4932 698 5001 quod
716 4948 811 4986 eorum
828 4931 902 4986 ratio
918 4948 975 4985 nou
993 4932 1124 4986 convenit
1140 4948 1202 4986 cam
1221 4932 1245 4997 6,
1256 4932 1291 4987 95
1310 4934 1358 4984 aut
1376 4931 1511 4999 6,107sq.

461 5022 486 5089 ⁶)
503 5018 603 5076 Rhein.
622 5024 692 5077 lius.
711 5022 728 5076 7
745 5022 841 5091 (1650)
858 5038 886 5089 p.
905 5022 1055 5077 eal-369.
1075 5021 1225 5077 480-511.
1257 5019 1292 5075 de
1309 5017 1404 5073 Plinio
1423 5018 1481 5089 egit
1498 5033 1525 5085 p.
1545 5015 1643 5083 364sq.

462 5106 596 5179 1)(λ(λλί.
615 5108 630 5164 I
650 5111 718 5167 1861
737 5127 765 5179 p.
784 5108 920 5165 xcan
