<?xml version="1.0" encoding="UTF-8"?>
<!DOCTYPE html PUBLIC "-//W3C//DTD XHTML 1.0 Transitional//EN"
    "http://www.w3.org/TR/xhtml1/DTD/xhtml1-transitional.dtd">
<html xmlns="http://www.w3.org/1999/xhtml" xml:lang="en" lang="en">
 <head>
  <title>
</title>
<meta http-equiv="Content-Type" content="text/html;charset=utf-8" />
  <meta name='ocr-system' content='tesseract 3.04.00' />
  <meta name='ocr-capabilities' content='ocr_page ocr_carea ocr_par ocr_line ocrx_word'/>
</head>
<body>
  <div class='ocr_page' id='page_1' title='image "./quaestionesplin00klotgoog_0100.png"; bbox 0 0 4275 6025; ppageno 0'>
   <div class='ocr_carea' id='block_1_1' title="bbox 411 739 1754 2851">
    <p class='ocr_par' dir='ltr' id='par_1_1' title="bbox 411 739 1754 2851">
     <span class='ocr_line' id='line_1_1' title="bbox 1064 739 1107 803; baseline 0.023 -1"><span class='ocrx_word' id='word_1_1' title='bbox 1064 739 1107 803; x_wconf 83' lang='lat'><strong>90</strong></span> 
     </span>
     <span class='ocr_line' id='line_1_2' title="bbox 415 949 1754 1036; baseline 0.002 -20"><span class='ocrx_word' id='word_1_2' title='bbox 415 949 510 1016; x_wconf 92' lang='lat' dir='ltr'><strong>modo</strong></span> <span class='ocrx_word' id='word_1_3' title='bbox 534 951 736 1036; x_wconf 82' lang='lat' dir='ltr'>explicentur</span> <span class='ocrx_word' id='word_1_4' title='bbox 757 949 889 1016; x_wconf 89' lang='lat' dir='ltr'><strong>nomina</strong></span> <span class='ocrx_word' id='word_1_5' title='bbox 911 970 950 1015; x_wconf 85' lang='lat' dir='ltr'><strong>aa</strong></span> <span class='ocrx_word' id='word_1_6' title='bbox 973 970 1057 1033; x_wconf 89' lang='lat' dir='ltr'><strong>quae</strong></span> <span class='ocrx_word' id='word_1_7' title='bbox 1081 955 1140 1015; x_wconf 90' lang='lat' dir='ltr'><strong>aut</strong></span> <span class='ocrx_word' id='word_1_8' title='bbox 1161 970 1340 1034; x_wconf 83' lang='lat' dir='ltr'><strong>numquam</strong></span> <span class='ocrx_word' id='word_1_9' title='bbox 1358 955 1416 1016; x_wconf 90' lang='lat' dir='ltr'><strong>aut</strong></span> <span class='ocrx_word' id='word_1_10' title='bbox 1430 956 1517 1016; x_wconf 83' lang='lat' dir='ltr'><strong>certe</strong></span> <span class='ocrx_word' id='word_1_11' title='bbox 1531 970 1595 1016; x_wconf 92' lang='lat' dir='ltr'><strong>non</strong></span> <span class='ocrx_word' id='word_1_12' title='bbox 1612 949 1754 1035; x_wconf 78' lang='lat' dir='ltr'><strong>Augusti</strong></span> 
     </span>
     <span class='ocr_line' id='line_1_3' title="bbox 414 1054 1754 1144; baseline -0.001 -19"><span class='ocrx_word' id='word_1_13' title='bbox 414 1064 522 1126; x_wconf 86' lang='lat' dir='ltr'><strong>astate</strong></span> <span class='ocrx_word' id='word_1_14' title='bbox 545 1058 737 1144; x_wconf 89' lang='lat' dir='ltr'><strong>oppidorum</strong></span> <span class='ocrx_word' id='word_1_15' title='bbox 752 1055 893 1135; x_wconf 89' lang='lat' dir='ltr'><strong>fuerunt,</strong></span> <span class='ocrx_word' id='word_1_16' title='bbox 919 1056 1125 1139; x_wconf 86' lang='lat' dir='ltr'><strong>quaesiveris.</strong></span> <span class='ocrx_word' id='word_1_17' title='bbox 1166 1055 1217 1121; x_wconf 93' lang='lat' dir='ltr'><strong>his</strong></span> <span class='ocrx_word' id='word_1_18' title='bbox 1241 1055 1303 1122; x_wconf 90' lang='lat' dir='ltr'><strong>tibi</strong></span> <span class='ocrx_word' id='word_1_19' title='bbox 1318 1054 1509 1140; x_wconf 77' lang='lat' dir='ltr'><strong>respondeo:</strong></span> <span class='ocrx_word' id='word_1_20' title='bbox 1533 1057 1617 1122; x_wconf 90' lang='lat' dir='ltr'><strong>siin</strong></span> <span class='ocrx_word' id='word_1_21' title='bbox 1633 1057 1754 1125; x_wconf 87' lang='lat' dir='ltr'><strong>tabulis</strong></span> 
     </span>
     <span class='ocr_line' id='line_1_4' title="bbox 415 1160 1753 1249; baseline 0 -19"><span class='ocrx_word' id='word_1_22' title='bbox 415 1164 597 1249; x_wconf 86' lang='lat' dir='ltr'><strong>Augusteis</strong></span> <span class='ocrx_word' id='word_1_23' title='bbox 620 1184 659 1230; x_wconf 92' lang='lat' dir='ltr'><strong>ea</strong></span> <span class='ocrx_word' id='word_1_24' title='bbox 680 1162 817 1228; x_wconf 86' lang='lat' dir='ltr'><strong>inveniri</strong></span> <span class='ocrx_word' id='word_1_25' title='bbox 839 1183 902 1227; x_wconf 93' lang='lat' dir='ltr'><strong>non</strong></span> <span class='ocrx_word' id='word_1_26' title='bbox 917 1161 1061 1245; x_wconf 87' lang='lat' dir='ltr'><strong>potuisse</strong></span> <span class='ocrx_word' id='word_1_27' title='bbox 1077 1161 1289 1243; x_wconf 89' lang='lat' dir='ltr'><strong>concedimus,</strong></span> <span class='ocrx_word' id='word_1_28' title='bbox 1313 1160 1458 1226; x_wconf 90' lang='lat' dir='ltr'><strong>Plinium</strong></span> <span class='ocrx_word' id='word_1_29' title='bbox 1473 1182 1514 1226; x_wconf 87' lang='lat' dir='ltr'><strong>ax</strong></span> <span class='ocrx_word' id='word_1_30' title='bbox 1529 1162 1593 1228; x_wconf 92' lang='lat' dir='ltr'><strong>alio</strong></span> <span class='ocrx_word' id='word_1_31' title='bbox 1610 1184 1649 1229; x_wconf 91' lang='lat' dir='ltr'><strong>aa</strong></span> <span class='ocrx_word' id='word_1_32' title='bbox 1664 1163 1753 1230; x_wconf 86' lang='lat' dir='ltr'><strong>fonte</strong></span> 
     </span>
     <span class='ocr_line' id='line_1_5' title="bbox 415 1266 1751 1352; baseline -0.001 -14"><span class='ocrx_word' id='word_1_33' title='bbox 415 1270 579 1337; x_wconf 79' lang='lat' dir='ltr'>addidisse</span> <span class='ocrx_word' id='word_1_34' title='bbox 602 1268 856 1337; x_wconf 87' lang='lat' dir='ltr'><strong>concludendum</strong></span> <span class='ocrx_word' id='word_1_35' title='bbox 880 1275 939 1335; x_wconf 88' lang='lat' dir='ltr'><strong>est.</strong></span> <span class='ocrx_word' id='word_1_36' title='bbox 986 1289 1070 1352; x_wconf 90' lang='lat' dir='ltr'><strong>quae</strong></span> <span class='ocrx_word' id='word_1_37' title='bbox 1093 1267 1200 1352; x_wconf 91' lang='lat' dir='ltr'><strong>opinio</strong></span> <span class='ocrx_word' id='word_1_38' title='bbox 1222 1266 1354 1332; x_wconf 91' lang='lat' dir='ltr'><strong>minime</strong></span> <span class='ocrx_word' id='word_1_39' title='bbox 1369 1272 1458 1332; x_wconf 89' lang='lat' dir='ltr'><strong>caret</strong></span> <span class='ocrx_word' id='word_1_40' title='bbox 1474 1269 1581 1351; x_wconf 82' lang='lat' dir='ltr'><strong>specio</strong></span> <span class='ocrx_word' id='word_1_41' title='bbox 1595 1270 1751 1337; x_wconf 85' lang='lat' dir='ltr'><strong>veritatis.</strong></span> 
     </span>
     <span class='ocr_line' id='line_1_6' title="bbox 415 1372 1750 1463; baseline -0.001 -19"><span class='ocrx_word' id='word_1_42' title='bbox 415 1399 520 1463; x_wconf 91' lang='lat' dir='ltr'><strong>neque</strong></span> <span class='ocrx_word' id='word_1_43' title='bbox 543 1377 628 1443; x_wconf 91' lang='lat' dir='ltr'><strong>enim</strong></span> <span class='ocrx_word' id='word_1_44' title='bbox 647 1376 703 1443; x_wconf 90' lang='lat' dir='ltr'><strong>ille</strong></span> <span class='ocrx_word' id='word_1_45' title='bbox 719 1372 864 1461; x_wconf 89' lang='lat' dir='ltr'><strong>Augusti</strong></span> <span class='ocrx_word' id='word_1_46' title='bbox 879 1373 1001 1441; x_wconf 90' lang='lat' dir='ltr'><strong>indices</strong></span> <span class='ocrx_word' id='word_1_47' title='bbox 1018 1375 1161 1457; x_wconf 90' lang='lat' dir='ltr'><strong>integros</strong></span> <span class='ocrx_word' id='word_1_48' title='bbox 1176 1395 1211 1440; x_wconf 91' lang='lat' dir='ltr'><strong>se</strong></span> <span class='ocrx_word' id='word_1_49' title='bbox 1225 1374 1468 1458; x_wconf 88' lang='lat' dir='ltr'><strong>propositurum</strong></span> <span class='ocrx_word' id='word_1_50' title='bbox 1483 1395 1554 1441; x_wconf 87' lang='lat' dir='ltr'><strong>esse</strong></span> <span class='ocrx_word' id='word_1_51' title='bbox 1569 1375 1750 1461; x_wconf 82' lang='lat' dir='ltr'><strong>spopondit.</strong></span> 
     </span>
     <span class='ocr_line' id='line_1_7' title="bbox 413 1480 1750 1568; baseline -0.001 -19"><span class='ocrx_word' id='word_1_52' title='bbox 413 1490 449 1551; x_wconf 90' lang='lat' dir='ltr'><strong>et</strong></span> <span class='ocrx_word' id='word_1_53' title='bbox 477 1506 577 1552; x_wconf 89' lang='lat' dir='ltr'><strong>unum</strong></span> <span class='ocrx_word' id='word_1_54' title='bbox 610 1505 689 1551; x_wconf 89' lang='lat' dir='ltr'><strong>sane</strong></span> <span class='ocrx_word' id='word_1_55' title='bbox 720 1481 901 1568; x_wconf 90' lang='lat' dir='ltr'><strong>exemplum</strong></span> <span class='ocrx_word' id='word_1_56' title='bbox 934 1486 1040 1548; x_wconf 88' lang='lat' dir='ltr'><strong>exstat</strong></span> <span class='ocrx_word' id='word_1_57' title='bbox 1073 1481 1288 1546; x_wconf 89' lang='lat' dir='ltr'><strong>certissimum</strong></span> <span class='ocrx_word' id='word_1_58' title='bbox 1319 1480 1406 1547; x_wconf 90' lang='lat' dir='ltr'><strong>aucti</strong></span> <span class='ocrx_word' id='word_1_59' title='bbox 1428 1502 1449 1547; x_wconf 91' lang='lat' dir='ltr'><strong>a</strong></span> <span class='ocrx_word' id='word_1_60' title='bbox 1470 1481 1579 1549; x_wconf 91' lang='lat' dir='ltr'><strong>Plinio</strong></span> <span class='ocrx_word' id='word_1_61' title='bbox 1602 1482 1750 1566; x_wconf 89' lang='lat' dir='ltr'><strong>catalogi.</strong></span> 
     </span>
     <span class='ocr_line' id='line_1_8' title="bbox 414 1588 1751 1677; baseline 0 -20"><span class='ocrx_word' id='word_1_62' title='bbox 414 1613 491 1657; x_wconf 92' lang='lat' dir='ltr'><strong>nam</strong></span> <span class='ocrx_word' id='word_1_63' title='bbox 506 1589 611 1657; x_wconf 88' lang='lat' dir='ltr'><strong>Roma</strong></span> <span class='ocrx_word' id='word_1_64' title='bbox 632 1612 704 1657; x_wconf 90' lang='lat' dir='ltr'><strong>cum</strong></span> <span class='ocrx_word' id='word_1_65' title='bbox 720 1591 847 1677; x_wconf 88' lang='lat' dir='ltr'><strong>oppidis</strong></span> <span class='ocrx_word' id='word_1_66' title='bbox 862 1590 987 1675; x_wconf 88' lang='lat' dir='ltr'><strong>primae</strong></span> <span class='ocrx_word' id='word_1_67' title='bbox 1001 1588 1150 1674; x_wconf 91' lang='lat' dir='ltr'><strong>regionis,</strong></span> <span class='ocrx_word' id='word_1_68' title='bbox 1170 1594 1283 1674; x_wconf 90' lang='lat' dir='ltr'><strong>utpote</strong></span> <span class='ocrx_word' id='word_1_69' title='bbox 1303 1594 1454 1674; x_wconf 88' lang='lat' dir='ltr'><strong>exempta</strong></span> <span class='ocrx_word' id='word_1_70' title='bbox 1469 1610 1508 1655; x_wconf 91' lang='lat' dir='ltr'><strong>ex</strong></span> <span class='ocrx_word' id='word_1_71' title='bbox 1524 1590 1647 1670; x_wconf 91' lang='lat' dir='ltr'><strong>eadem,</strong></span> <span class='ocrx_word' id='word_1_72' title='bbox 1663 1591 1751 1676; x_wconf 91' lang='lat' dir='ltr'><strong>apud</strong></span> 
     </span>
     <span class='ocr_line' id='line_1_9' title="bbox 414 1694 1752 1782; baseline 0 -19"><span class='ocrx_word' id='word_1_73' title='bbox 414 1697 602 1782; x_wconf 89' lang='lat' dir='ltr'><strong>Augustum</strong></span> <span class='ocrx_word' id='word_1_74' title='bbox 635 1698 785 1781; x_wconf 91' lang='lat' dir='ltr'><strong>coniungi</strong></span> <span class='ocrx_word' id='word_1_75' title='bbox 816 1719 879 1763; x_wconf 93' lang='lat' dir='ltr'><strong>non</strong></span> <span class='ocrx_word' id='word_1_76' title='bbox 910 1696 1026 1781; x_wconf 92' lang='lat' dir='ltr'><strong>potuit.</strong></span> <span class='ocrx_word' id='word_1_77' title='bbox 1073 1695 1130 1762; x_wconf 93' lang='lat' dir='ltr'><strong>sed</strong></span> <span class='ocrx_word' id='word_1_78' title='bbox 1160 1694 1242 1761; x_wconf 91' lang='lat' dir='ltr'><strong>haec</strong></span> <span class='ocrx_word' id='word_1_79' title='bbox 1270 1700 1363 1761; x_wconf 88' lang='lat' dir='ltr'><strong>extra</strong></span> <span class='ocrx_word' id='word_1_80' title='bbox 1393 1695 1538 1762; x_wconf 85' lang='lat' dir='ltr'><strong>ordinem</strong></span> <span class='ocrx_word' id='word_1_81' title='bbox 1568 1698 1752 1765; x_wconf 90' lang='lat' dir='ltr'><strong>litterarum</strong></span> 
     </span>
     <span class='ocr_line' id='line_1_10' title="bbox 413 1801 1752 1890; baseline 0 -20"><span class='ocrx_word' id='word_1_82' title='bbox 413 1805 450 1870; x_wconf 94' lang='lat' dir='ltr'><strong>in</strong></span> <span class='ocrx_word' id='word_1_83' title='bbox 461 1804 550 1871; x_wconf 90' lang='lat' dir='ltr'><strong>calce</strong></span> <span class='ocrx_word' id='word_1_84' title='bbox 562 1804 714 1890; x_wconf 90' lang='lat' dir='ltr'><strong>adposita</strong></span> <span class='ocrx_word' id='word_1_85' title='bbox 729 1809 789 1883; x_wconf 90' lang='lat' dir='ltr'><strong>est,</strong></span> <span class='ocrx_word' id='word_1_86' title='bbox 805 1806 978 1888; x_wconf 89' lang='lat' dir='ltr'><strong>propterca</strong></span> <span class='ocrx_word' id='word_1_87' title='bbox 993 1802 1144 1868; x_wconf 90' lang='lat' dir='ltr'><strong>nimirum</strong></span> <span class='ocrx_word' id='word_1_88' title='bbox 1160 1801 1249 1886; x_wconf 90' lang='lat' dir='ltr'><strong>quod</strong></span> <span class='ocrx_word' id='word_1_89' title='bbox 1261 1802 1420 1886; x_wconf 90' lang='lat' dir='ltr'><strong>ampliora</strong></span> <span class='ocrx_word' id='word_1_90' title='bbox 1431 1802 1471 1868; x_wconf 87' lang='lat' dir='ltr'><strong>de</strong></span> <span class='ocrx_word' id='word_1_91' title='bbox 1484 1802 1590 1870; x_wconf 88' lang='lat' dir='ltr'><strong>Roma</strong></span> <span class='ocrx_word' id='word_1_92' title='bbox 1601 1803 1752 1871; x_wconf 91' lang='lat' dir='ltr'><strong>addenda</strong></span> 
     </span>
     <span class='ocr_line' id='line_1_11' title="bbox 413 1908 1753 1995; baseline -0.001 -16"><span class='ocrx_word' id='word_1_93' title='bbox 413 1913 484 1979; x_wconf 82' lang='lat' dir='ltr'><strong>visa</strong></span> <span class='ocrx_word' id='word_1_94' title='bbox 514 1919 590 1979; x_wconf 90' lang='lat' dir='ltr'><strong>sunt</strong></span> <span class='ocrx_word' id='word_1_95' title='bbox 612 1912 731 1991; x_wconf 87' lang='lat' dir='ltr'><strong>Plinio,</strong></span> <span class='ocrx_word' id='word_1_96' title='bbox 764 1932 862 1994; x_wconf 90' lang='lat' dir='ltr'><strong>quam</strong></span> <span class='ocrx_word' id='word_1_97' title='bbox 893 1909 932 1975; x_wconf 89' lang='lat' dir='ltr'><strong>de</strong></span> <span class='ocrx_word' id='word_1_98' title='bbox 958 1908 1092 1994; x_wconf 88' lang='lat' dir='ltr'><strong>reliquis</strong></span> <span class='ocrx_word' id='word_1_99' title='bbox 1116 1909 1252 1995; x_wconf 88' lang='lat' dir='ltr'><strong>oppidis.</strong></span> <span class='ocrx_word' id='word_1_100' title='bbox 1298 1929 1402 1993; x_wconf 87' lang='lat' dir='ltr'><strong>neque</strong></span> <span class='ocrx_word' id='word_1_101' title='bbox 1425 1909 1679 1978; x_wconf 90' lang='lat' dir='ltr'><strong>demonstratum</strong></span> <span class='ocrx_word' id='word_1_102' title='bbox 1703 1918 1753 1977; x_wconf 85' lang='lat' dir='ltr'><strong>est</strong></span> 
     </span>
     <span class='ocr_line' id='line_1_12' title="bbox 413 2015 1752 2103; baseline 0 -20"><span class='ocrx_word' id='word_1_103' title='bbox 413 2039 453 2083; x_wconf 91' lang='lat' dir='ltr'><strong>ac</strong></span> <span class='ocrx_word' id='word_1_104' title='bbox 483 2039 523 2084; x_wconf 87' lang='lat' dir='ltr'><strong>no</strong></span> <span class='ocrx_word' id='word_1_105' title='bbox 553 2024 661 2103; x_wconf 88' lang='lat' dir='ltr'><strong>potest</strong></span> <span class='ocrx_word' id='word_1_106' title='bbox 692 2017 823 2103; x_wconf 88' lang='lat' dir='ltr'><strong>quidem</strong></span> <span class='ocrx_word' id='word_1_107' title='bbox 856 2016 1071 2082; x_wconf 89' lang='lat' dir='ltr'><strong>demonstrari</strong></span> <span class='ocrx_word' id='word_1_108' title='bbox 1101 2015 1220 2102; x_wconf 91' lang='lat' dir='ltr'><strong>peripli</strong></span> <span class='ocrx_word' id='word_1_109' title='bbox 1250 2021 1415 2083; x_wconf 77' lang='lat' dir='ltr'><strong>auctorem</strong></span> <span class='ocrx_word' id='word_1_110' title='bbox 1445 2038 1542 2101; x_wconf 89' lang='lat' dir='ltr'><strong>quem</strong></span> <span class='ocrx_word' id='word_1_111' title='bbox 1563 2016 1691 2083; x_wconf 89' lang='lat' dir='ltr'><strong>Plinius</strong></span> <span class='ocrx_word' id='word_1_112' title='bbox 1718 2018 1752 2083; x_wconf 91' lang='lat' dir='ltr'><strong>in</strong></span> 
     </span>
     <span class='ocr_line' id='line_1_13' title="bbox 415 2123 1752 2210; baseline 0 -20"><span class='ocrx_word' id='word_1_113' title='bbox 415 2124 550 2210; x_wconf 76' lang='lat' dir='ltr'><strong>Europa</strong></span> <span class='ocrx_word' id='word_1_114' title='bbox 580 2131 710 2190; x_wconf 90' lang='lat' dir='ltr'><strong>secutus</strong></span> <span class='ocrx_word' id='word_1_115' title='bbox 733 2130 790 2206; x_wconf 89' lang='lat' dir='ltr'><strong>est,</strong></span> <span class='ocrx_word' id='word_1_116' title='bbox 820 2123 1075 2190; x_wconf 89' lang='lat' dir='ltr'><strong>mediterraneas</strong></span> <span class='ocrx_word' id='word_1_117' title='bbox 1097 2125 1246 2208; x_wconf 84' lang='lat' dir='ltr'><strong>regiones</strong></span> <span class='ocrx_word' id='word_1_118' title='bbox 1268 2124 1397 2189; x_wconf 92' lang='lat' dir='ltr'><strong>omnino</strong></span> <span class='ocrx_word' id='word_1_119' title='bbox 1420 2124 1609 2208; x_wconf 85' lang='lat' dir='ltr'><strong>neglexisse.</strong></span> <span class='ocrx_word' id='word_1_120' title='bbox 1655 2125 1752 2190; x_wconf 93' lang='lat' dir='ltr'><strong>immo</strong></span> 
     </span>
     <span class='ocr_line' id='line_1_14' title="bbox 414 2229 1751 2315; baseline 0 -18"><span class='ocrx_word' id='word_1_121' title='bbox 414 2233 442 2297; x_wconf 93' lang='lat' dir='ltr'><strong>si</strong></span> <span class='ocrx_word' id='word_1_122' title='bbox 466 2231 647 2298; x_wconf 87' lang='lat' dir='ltr'><strong>Arcadiam</strong></span> <span class='ocrx_word' id='word_1_123' title='bbox 669 2232 822 2298; x_wconf 86' lang='lat' dir='ltr'><strong>tractavit</strong></span> <span class='ocrx_word' id='word_1_124' title='bbox 843 2235 958 2296; x_wconf 80' lang='lat' dir='ltr'><strong>auctor</strong></span> <span class='ocrx_word' id='word_1_125' title='bbox 979 2230 1036 2296; x_wconf 90' lang='lat' dir='ltr'><strong>ille</strong></span> <span class='ocrx_word' id='word_1_126' title='bbox 1058 2229 1235 2313; x_wconf 89' lang='lat' dir='ltr'><strong>Romanus,</strong></span> <span class='ocrx_word' id='word_1_127' title='bbox 1267 2229 1307 2296; x_wconf 94' lang='lat' dir='ltr'><strong>de</strong></span> <span class='ocrx_word' id='word_1_128' title='bbox 1335 2250 1399 2315; x_wconf 90' lang='lat' dir='ltr'><strong>qua</strong></span> <span class='ocrx_word' id='word_1_129' title='bbox 1421 2231 1456 2295; x_wconf 93' lang='lat' dir='ltr'><strong>in</strong></span> <span class='ocrx_word' id='word_1_130' title='bbox 1479 2232 1641 2297; x_wconf 90' lang='lat' dir='ltr'><strong>communi</strong></span> <span class='ocrx_word' id='word_1_131' title='bbox 1663 2229 1751 2297; x_wconf 90' lang='lat' dir='ltr'><strong>Plini</strong></span> 
     </span>
     <span class='ocr_line' id='line_1_15' title="bbox 412 2334 1753 2424; baseline -0.001 -19"><span class='ocrx_word' id='word_1_132' title='bbox 412 2338 584 2424; x_wconf 89' lang='lat' dir='ltr'><strong>Melaeque</strong></span> <span class='ocrx_word' id='word_1_133' title='bbox 615 2339 705 2406; x_wconf 86' lang='lat' dir='ltr'><strong>fonte</strong></span> <span class='ocrx_word' id='word_1_134' title='bbox 734 2343 843 2404; x_wconf 89' lang='lat' dir='ltr'><strong>actum</strong></span> <span class='ocrx_word' id='word_1_135' title='bbox 871 2336 973 2404; x_wconf 82' lang='lat' dir='ltr'><strong>fuisse</strong></span> <span class='ocrx_word' id='word_1_136' title='bbox 1003 2338 1116 2421; x_wconf 88' lang='lat' dir='ltr'><strong>utique</strong></span> <span class='ocrx_word' id='word_1_137' title='bbox 1148 2334 1338 2403; x_wconf 82' lang='lat' dir='ltr'><strong>Schwedero</strong></span> <span class='ocrx_word' id='word_1_138' title='bbox 1347 2336 1374 2422; x_wconf 88' lang='lat'><strong>¹)</strong></span> <span class='ocrx_word' id='word_1_139' title='bbox 1407 2338 1556 2417; x_wconf 87' lang='lat' dir='ltr'><strong>concedo,</strong></span> <span class='ocrx_word' id='word_1_140' title='bbox 1588 2337 1629 2405; x_wconf 90' lang='lat' dir='ltr'><strong>de</strong></span> <span class='ocrx_word' id='word_1_141' title='bbox 1651 2338 1753 2404; x_wconf 88' lang='lat' dir='ltr'><strong>Italia</strong></span> 
     </span>
     <span class='ocr_line' id='line_1_16' title="bbox 413 2442 1750 2530; baseline 0 -19"><span class='ocrx_word' id='word_1_142' title='bbox 413 2445 567 2513; x_wconf 88' lang='lat' dir='ltr'><strong>interiore</strong></span> <span class='ocrx_word' id='word_1_143' title='bbox 601 2444 697 2511; x_wconf 88' lang='lat' dir='ltr'><strong>silere</strong></span> <span class='ocrx_word' id='word_1_144' title='bbox 731 2465 796 2511; x_wconf 94' lang='lat' dir='ltr'><strong>non</strong></span> <span class='ocrx_word' id='word_1_145' title='bbox 830 2445 947 2530; x_wconf 90' lang='lat' dir='ltr'><strong>potuit.</strong></span> <span class='ocrx_word' id='word_1_146' title='bbox 1000 2444 1105 2510; x_wconf 90' lang='lat' dir='ltr'><strong>multa</strong></span> <span class='ocrx_word' id='word_1_147' title='bbox 1138 2443 1220 2509; x_wconf 89' lang='lat' dir='ltr'><strong>adeo</strong></span> <span class='ocrx_word' id='word_1_148' title='bbox 1254 2442 1375 2528; x_wconf 91' lang='lat' dir='ltr'><strong>oppida</strong></span> <span class='ocrx_word' id='word_1_149' title='bbox 1407 2464 1490 2529; x_wconf 88' lang='lat' dir='ltr'><strong>qnae</strong></span> <span class='ocrx_word' id='word_1_150' title='bbox 1521 2445 1555 2510; x_wconf 92' lang='lat' dir='ltr'><strong>in</strong></span> <span class='ocrx_word' id='word_1_151' title='bbox 1585 2444 1750 2511; x_wconf 90' lang='lat' dir='ltr'><strong>laterculis</strong></span> 
     </span>
     <span class='ocr_line' id='line_1_17' title="bbox 411 2551 1751 2638; baseline 0 -21"><span class='ocrx_word' id='word_1_152' title='bbox 411 2551 576 2638; x_wconf 87' lang='lat' dir='ltr'><strong>leguntur,</strong></span> <span class='ocrx_word' id='word_1_153' title='bbox 600 2552 688 2635; x_wconf 90' lang='lat' dir='ltr'><strong>apud</strong></span> <span class='ocrx_word' id='word_1_154' title='bbox 713 2572 786 2618; x_wconf 91' lang='lat' dir='ltr'><strong>eum</strong></span> <span class='ocrx_word' id='word_1_155' title='bbox 809 2557 1061 2618; x_wconf 88' lang='lat' dir='ltr'><strong>commemorata</strong></span> <span class='ocrx_word' id='word_1_156' title='bbox 1084 2551 1184 2617; x_wconf 83' lang='lat' dir='ltr'><strong>fuisse</strong></span> <span class='ocrx_word' id='word_1_157' title='bbox 1203 2557 1454 2617; x_wconf 89' lang='lat' dir='ltr'><strong>consentaneum</strong></span> <span class='ocrx_word' id='word_1_158' title='bbox 1470 2557 1527 2618; x_wconf 90' lang='lat' dir='ltr'><strong>est.</strong></span> <span class='ocrx_word' id='word_1_159' title='bbox 1574 2552 1652 2637; x_wconf 89' lang='lat' dir='ltr'><strong>quid</strong></span> <span class='ocrx_word' id='word_1_160' title='bbox 1668 2551 1696 2617; x_wconf 89' lang='lat' dir='ltr'><strong>si</strong></span> <span class='ocrx_word' id='word_1_161' title='bbox 1711 2574 1751 2618; x_wconf 88' lang='lat' dir='ltr'><strong>ex</strong></span> 
     </span>
     <span class='ocr_line' id='line_1_18' title="bbox 413 2654 1749 2743; baseline -0.001 -19"><span class='ocrx_word' id='word_1_162' title='bbox 413 2680 451 2724; x_wconf 91' lang='lat' dir='ltr'><strong>eo</strong></span> <span class='ocrx_word' id='word_1_163' title='bbox 467 2659 625 2743; x_wconf 87' lang='lat' dir='ltr'><strong>quaedam</strong></span> <span class='ocrx_word' id='word_1_164' title='bbox 640 2657 769 2724; x_wconf 90' lang='lat' dir='ltr'><strong>Plinius</strong></span> <span class='ocrx_word' id='word_1_165' title='bbox 783 2657 949 2724; x_wconf 89' lang='lat' dir='ltr'><strong>laterculis</strong></span> <span class='ocrx_word' id='word_1_166' title='bbox 965 2654 1122 2724; x_wconf 83' lang='lat' dir='ltr'><strong>inseruit?</strong></span> <span class='ocrx_word' id='word_1_167' title='bbox 1145 2656 1220 2723; x_wconf 91' lang='lat' dir='ltr'><strong>hinc</strong></span> <span class='ocrx_word' id='word_1_168' title='bbox 1235 2656 1326 2723; x_wconf 92' lang='lat' dir='ltr'><strong>Alba</strong></span> <span class='ocrx_word' id='word_1_169' title='bbox 1342 2656 1467 2742; x_wconf 82' lang='lat' dir='ltr'><strong>Longa,</strong></span> <span class='ocrx_word' id='word_1_170' title='bbox 1484 2657 1609 2741; x_wconf 88' lang='lat' dir='ltr'><strong>Norba,</strong></span> <span class='ocrx_word' id='word_1_171' title='bbox 1627 2658 1749 2724; x_wconf 80' lang='lat' dir='ltr'><strong>Porum</strong></span> 
     </span>
     <span class='ocr_line' id='line_1_19' title="bbox 414 2764 1751 2851; baseline -0.001 -18"><span class='ocrx_word' id='word_1_172' title='bbox 414 2764 516 2851; x_wconf 90' lang='lat' dir='ltr'><strong>Appi,</strong></span> <span class='ocrx_word' id='word_1_173' title='bbox 534 2764 706 2851; x_wconf 81' lang='lat' dir='ltr'><strong>Fregellae</strong></span> <span class='ocrx_word' id='word_1_174' title='bbox 726 2766 760 2831; x_wconf 93' lang='lat' dir='ltr'><strong>in</strong></span> <span class='ocrx_word' id='word_1_175' title='bbox 777 2766 960 2850; x_wconf 84' lang='lat' dir='ltr'><strong>catalogum</strong></span> <span class='ocrx_word' id='word_1_176' title='bbox 976 2766 1191 2851; x_wconf 89' lang='lat' dir='ltr'><strong>inrepserunt,</strong></span> <span class='ocrx_word' id='word_1_177' title='bbox 1207 2765 1283 2830; x_wconf 87' lang='lat' dir='ltr'><strong>hinc</strong></span> <span class='ocrx_word' id='word_1_178' title='bbox 1298 2766 1397 2832; x_wconf 91' lang='lat' dir='ltr'><strong>etiam</strong></span> <span class='ocrx_word' id='word_1_179' title='bbox 1412 2765 1606 2849; x_wconf 87' lang='lat' dir='ltr'><strong>oppidorum</strong></span> <span class='ocrx_word' id='word_1_180' title='bbox 1621 2765 1751 2831; x_wconf 90' lang='lat' dir='ltr'><strong>nomina</strong></span> 
     </span>
    </p>
   </div>
   <div class='ocr_carea' id='block_1_2' title="bbox 412 2871 1866 2961">
    <p class='ocr_par' dir='ltr' id='par_1_2' title="bbox 412 2871 1866 2961">
     <span class='ocr_line' id='line_1_20' title="bbox 412 2871 1866 2961; baseline 0.001 -23"><span class='ocrx_word' id='word_1_181' title='bbox 412 2892 471 2957; x_wconf 88' lang='lat' dir='ltr'><strong>pro</strong></span> <span class='ocrx_word' id='word_1_182' title='bbox 502 2872 680 2938; x_wconf 90' lang='lat' dir='ltr'><strong>incolarum</strong></span> <span class='ocrx_word' id='word_1_183' title='bbox 711 2877 852 2939; x_wconf 91' lang='lat' dir='ltr'><strong>exstant.</strong></span> <span class='ocrx_word' id='word_1_184' title='bbox 903 2872 949 2938; x_wconf 92' lang='lat' dir='ltr'><strong>sic</strong></span> <span class='ocrx_word' id='word_1_185' title='bbox 978 2893 1045 2937; x_wconf 92' lang='lat' dir='ltr'><strong>una</strong></span> <span class='ocrx_word' id='word_1_186' title='bbox 1075 2873 1259 2938; x_wconf 88' lang='lat' dir='ltr'><strong>coniectura</strong></span> <span class='ocrx_word' id='word_1_187' title='bbox 1288 2871 1363 2956; x_wconf 91' lang='lat' dir='ltr'><strong>plus</strong></span> <span class='ocrx_word' id='word_1_188' title='bbox 1393 2893 1492 2938; x_wconf 91' lang='lat' dir='ltr'><strong>unam</strong></span> <span class='ocrx_word' id='word_1_189' title='bbox 1524 2872 1750 2940; x_wconf 80' lang='lat' dir='ltr'><strong>difficultatem</strong></span> <span class='ocrx_word' id='word_1_190' title='bbox 1859 2940 1866 2961; x_wconf 56' lang='grc'><strong>,</strong></span> 
     </span>
    </p>
   </div>
   <div class='ocr_carea' id='block_1_3' title="bbox 356 2977 1772 4663">
    <p class='ocr_par' dir='ltr' id='par_1_3' title="bbox 356 2977 1772 4663">
     <span class='ocr_line' id='line_1_21' title="bbox 411 2977 1750 3063; baseline 0.002 -19"><span class='ocrx_word' id='word_1_191' title='bbox 411 2992 577 3045; x_wconf 87' lang='lat' dir='ltr'><strong>removere</strong></span> <span class='ocrx_word' id='word_1_192' title='bbox 607 2978 692 3045; x_wconf 91' lang='lat' dir='ltr'><strong>licet.</strong></span> <span class='ocrx_word' id='word_1_193' title='bbox 740 2978 814 3044; x_wconf 89' lang='lat' dir='ltr'><strong>dein</strong></span> <span class='ocrx_word' id='word_1_194' title='bbox 844 2977 973 3063; x_wconf 83' lang='lat' dir='ltr'><strong>saepius</strong></span> <span class='ocrx_word' id='word_1_195' title='bbox 1007 2978 1104 3044; x_wconf 89' lang='lat' dir='ltr'><strong>etiam</strong></span> <span class='ocrx_word' id='word_1_196' title='bbox 1134 2978 1168 3043; x_wconf 93' lang='lat' dir='ltr'><strong>in</strong></span> <span class='ocrx_word' id='word_1_197' title='bbox 1191 2977 1294 3045; x_wconf 90' lang='lat' dir='ltr'><strong>altero</strong></span> <span class='ocrx_word' id='word_1_198' title='bbox 1316 2977 1404 3044; x_wconf 93' lang='lat' dir='ltr'><strong>Plini</strong></span> <span class='ocrx_word' id='word_1_199' title='bbox 1428 2977 1516 3044; x_wconf 88' lang='lat' dir='ltr'><strong>fonte</strong></span> <span class='ocrx_word' id='word_1_200' title='bbox 1538 2977 1602 3045; x_wconf 92' lang='lat' dir='ltr'><strong>loci</strong></span> <span class='ocrx_word' id='word_1_201' title='bbox 1623 3000 1750 3061; x_wconf 90' lang='lat' dir='ltr'><strong>nomen,</strong></span> 
     </span>
     <span class='ocr_line' id='line_1_22' title="bbox 412 3083 1750 3170; baseline 0.001 -20"><span class='ocrx_word' id='word_1_202' title='bbox 412 3107 475 3150; x_wconf 90' lang='lat' dir='ltr'><strong>non</strong></span> <span class='ocrx_word' id='word_1_203' title='bbox 491 3085 669 3152; x_wconf 84' lang='lat' dir='ltr'><strong>incolarum</strong></span> <span class='ocrx_word' id='word_1_204' title='bbox 685 3086 832 3152; x_wconf 84' lang='lat' dir='ltr'><strong>extitisse</strong></span> <span class='ocrx_word' id='word_1_205' title='bbox 848 3084 1051 3170; x_wconf 87' lang='lat' dir='ltr'><strong>perspicitur,</strong></span> <span class='ocrx_word' id='word_1_206' title='bbox 1076 3083 1165 3150; x_wconf 85' lang='lat' dir='ltr'><strong>velut</strong></span> <span class='ocrx_word' id='word_1_207' title='bbox 1181 3088 1212 3167; x_wconf 86' lang='lat'><strong>3,</strong></span> <span class='ocrx_word' id='word_1_208' title='bbox 1225 3088 1267 3155; x_wconf 80' lang='lat'><strong>63</strong></span> <span class='ocrx_word' id='word_1_209' title='bbox 1289 3083 1434 3150; x_wconf 79' lang='lat' dir='ltr'><strong>Garama</strong></span> <span class='ocrx_word' id='word_1_210' title='bbox 1448 3083 1603 3150; x_wconf 83' lang='lat' dir='ltr'><strong>Dardano</strong></span> <span class='ocrx_word' id='word_1_211' title='bbox 1622 3086 1750 3152; x_wconf 83' lang='lat' dir='ltr'><strong>Troiano</strong></span> 
     </span>
     <span class='ocr_line' id='line_1_23' title="bbox 411 3190 1751 3277; baseline 0.003 -22"><span class='ocrx_word' id='word_1_212' title='bbox 411 3190 483 3255; x_wconf 80' lang='lat' dir='ltr'><strong>anti.-</strong></span> <span class='ocrx_word' id='word_1_213' title='bbox 507 3195 621 3258; x_wconf 86' lang='lat' dir='ltr'><strong>auctor</strong></span> <span class='ocrx_word' id='word_1_214' title='bbox 634 3212 750 3277; x_wconf 91' lang='lat' dir='ltr'><strong>nempe</strong></span> <span class='ocrx_word' id='word_1_215' title='bbox 765 3190 885 3258; x_wconf 79' lang='lat' dir='ltr'><strong>(loram</strong></span> <span class='ocrx_word' id='word_1_216' title='bbox 901 3211 921 3257; x_wconf 92' lang='lat' dir='ltr'><strong>a</strong></span> <span class='ocrx_word' id='word_1_217' title='bbox 936 3191 1088 3258; x_wconf 90' lang='lat' dir='ltr'><strong>Dardano</strong></span> <span class='ocrx_word' id='word_1_218' title='bbox 1108 3191 1272 3257; x_wconf 89' lang='lat' dir='ltr'><strong>conditam</strong></span> <span class='ocrx_word' id='word_1_219' title='bbox 1291 3191 1427 3257; x_wconf 86' lang='lat' dir='ltr'><strong>dixerat.</strong></span> <span class='ocrx_word' id='word_1_220' title='bbox 1459 3193 1490 3271; x_wconf 84' lang='lat'><strong>3,</strong></span> <span class='ocrx_word' id='word_1_221' title='bbox 1505 3194 1548 3263; x_wconf 83' lang='grc'><strong>64</strong></span> <span class='ocrx_word' id='word_1_222' title='bbox 1562 3193 1751 3259; x_wconf 73' lang='lat' dir='ltr'><strong>Praenestini</strong></span> 
     </span>
     <span class='ocr_line' id='line_1_24' title="bbox 411 3295 1748 3386; baseline 0.004 -25"><span class='ocrx_word' id='word_1_223' title='bbox 411 3299 483 3362; x_wconf 84' lang='lat' dir='ltr'><strong>urbe</strong></span> <span class='ocrx_word' id='word_1_224' title='bbox 498 3300 648 3385; x_wconf 80' lang='lat' dir='ltr'><strong>quondam</strong></span> <span class='ocrx_word' id='word_1_225' title='bbox 659 3295 809 3384; x_wconf 68' lang='lat' dir='ltr'><strong>Sceptrone</strong></span> <span class='ocrx_word' id='word_1_226' title='bbox 824 3299 919 3362; x_wconf 71' lang='lat' dir='ltr'><strong>duta:</strong></span> <span class='ocrx_word' id='word_1_227' title='bbox 934 3299 1052 3364; x_wconf 90' lang='lat' dir='ltr'><strong>iterum</strong></span> <span class='ocrx_word' id='word_1_228' title='bbox 1067 3296 1157 3381; x_wconf 90' lang='lat' dir='ltr'><strong>apud</strong></span> <span class='ocrx_word' id='word_1_229' title='bbox 1172 3303 1338 3363; x_wconf 89' lang='lat' dir='ltr'><strong>auctorem</strong></span> <span class='ocrx_word' id='word_1_230' title='bbox 1354 3296 1442 3364; x_wconf 88' lang='lat' dir='ltr'><strong>haud</strong></span> <span class='ocrx_word' id='word_1_231' title='bbox 1455 3296 1553 3366; x_wconf 90' lang='lat' dir='ltr'><strong>dubie</strong></span> <span class='ocrx_word' id='word_1_232' title='bbox 1564 3300 1748 3386; x_wconf 87' lang='lat' dir='ltr'><strong>legebatur:</strong></span> 
     </span>
     <span class='ocr_line' id='line_1_25' title="bbox 411 3403 1750 3492; baseline 0.003 -23"><span class='ocrx_word' id='word_1_233' title='bbox 411 3405 569 3470; x_wconf 73' lang='lat' dir='ltr'><strong>Praeneste</strong></span> <span class='ocrx_word' id='word_1_234' title='bbox 591 3407 741 3492; x_wconf 82' lang='lat' dir='ltr'><strong>qnondam</strong></span> <span class='ocrx_word' id='word_1_235' title='bbox 757 3403 908 3491; x_wconf 78' lang='lat' dir='ltr'><strong>Stephane</strong></span> <span class='ocrx_word' id='word_1_236' title='bbox 931 3407 1058 3480; x_wconf 74' lang='lat' dir='ltr'><strong>dictum5</strong></span> <span class='ocrx_word' id='word_1_237' title='bbox 1081 3404 1165 3471; x_wconf 90' lang='lat' dir='ltr'><strong>adde</strong></span> <span class='ocrx_word' id='word_1_238' title='bbox 1188 3404 1275 3490; x_wconf 91' lang='lat' dir='ltr'><strong>quod</strong></span> <span class='ocrx_word' id='word_1_239' title='bbox 1297 3405 1331 3470; x_wconf 92' lang='lat' dir='ltr'><strong>in</strong></span> <span class='ocrx_word' id='word_1_240' title='bbox 1353 3404 1442 3470; x_wconf 90' lang='lat' dir='ltr'><strong>Plini</strong></span> <span class='ocrx_word' id='word_1_241' title='bbox 1464 3405 1572 3472; x_wconf 85' lang='lat' dir='ltr'><strong>verbis</strong></span> <span class='ocrx_word' id='word_1_242' title='bbox 1594 3408 1666 3492; x_wconf 92' lang='lat' dir='ltr'><strong>ipsa</strong></span> <span class='ocrx_word' id='word_1_243' title='bbox 1688 3430 1750 3475; x_wconf 86' lang='lat' dir='ltr'><strong>vox</strong></span> 
     </span>
     <span class='ocr_line' id='line_1_26' title="bbox 411 3511 1750 3596; baseline 0.001 -19"><span class='ocrx_word' id='word_1_244' title='bbox 411 3511 519 3578; x_wconf 89' lang='lat' dir='ltr'><strong>urbis</strong></span> <span class='ocrx_word' id='word_1_245' title='bbox 543 3511 583 3578; x_wconf 90' lang='lat' dir='ltr'><strong>de</strong></span> <span class='ocrx_word' id='word_1_246' title='bbox 606 3511 759 3596; x_wconf 89' lang='lat' dir='ltr'><strong>oppidulo</strong></span> <span class='ocrx_word' id='word_1_247' title='bbox 782 3512 888 3577; x_wconf 90' lang='lat' dir='ltr'><strong>minus</strong></span> <span class='ocrx_word' id='word_1_248' title='bbox 910 3516 990 3596; x_wconf 88' lang='lat' dir='ltr'><strong>apta</strong></span> <span class='ocrx_word' id='word_1_249' title='bbox 1012 3517 1071 3581; x_wconf 89' lang='lat' dir='ltr'><strong>est.</strong></span> <span class='ocrx_word' id='word_1_250' title='bbox 1117 3533 1215 3596; x_wconf 91' lang='lat' dir='ltr'><strong>porro</strong></span> <span class='ocrx_word' id='word_1_251' title='bbox 1238 3513 1269 3594; x_wconf 84' lang='lat'><strong>3,</strong></span> <span class='ocrx_word' id='word_1_252' title='bbox 1287 3513 1351 3581; x_wconf 77' lang='lat'><strong>105</strong></span> <span class='ocrx_word' id='word_1_253' title='bbox 1374 3511 1482 3576; x_wconf 67' lang='lat' dir='ltr'><strong>uomica</strong></span> <span class='ocrx_word' id='word_1_254' title='bbox 1505 3513 1589 3578; x_wconf 85' lang='lat' dir='ltr'><strong>clade</strong></span> <span class='ocrx_word' id='word_1_255' title='bbox 1604 3513 1750 3578; x_wconf 87' lang='lat' dir='ltr'><strong>Romana</strong></span> 
     </span>
     <span class='ocr_line' id='line_1_27' title="bbox 415 3615 1749 3707; baseline 0.004 -25"><span class='ocrx_word' id='word_1_256' title='bbox 415 3616 595 3684; x_wconf 83' lang='lat' dir='ltr'><strong>Cannenses:</strong></span> <span class='ocrx_word' id='word_1_257' title='bbox 625 3619 739 3684; x_wconf 87' lang='lat' dir='ltr'><strong>immo:</strong></span> <span class='ocrx_word' id='word_1_258' title='bbox 774 3615 895 3682; x_wconf 82' lang='lat' dir='ltr'><strong>Cannae</strong></span> <span class='ocrx_word' id='word_1_259' title='bbox 924 3617 1033 3683; x_wconf 76' lang='lat' dir='ltr'><strong>noum</strong></span> <span class='ocrx_word' id='word_1_260' title='bbox 1055 3618 1138 3683; x_wconf 72' lang='lat' dir='ltr'><strong>auae</strong></span> <span class='ocrx_word' id='word_1_261' title='bbox 1160 3619 1315 3684; x_wconf 77' lang='lat' dir='ltr'><strong>Romaana.</strong></span> <span class='ocrx_word' id='word_1_262' title='bbox 1363 3619 1441 3703; x_wconf 91' lang='lat' dir='ltr'><strong>quid</strong></span> <span class='ocrx_word' id='word_1_263' title='bbox 1465 3619 1551 3702; x_wconf 90' lang='lat' dir='ltr'><strong>quod</strong></span> <span class='ocrx_word' id='word_1_264' title='bbox 1575 3624 1749 3707; x_wconf 87' lang='lat' dir='ltr'><strong>utrumque</strong></span> 
     </span>
     <span class='ocr_line' id='line_1_28' title="bbox 410 3723 1750 3812; baseline 0.002 -21"><span class='ocrx_word' id='word_1_265' title='bbox 410 3725 503 3792; x_wconf 80' lang='lat' dir='ltr'><strong>iuxta</strong></span> <span class='ocrx_word' id='word_1_266' title='bbox 525 3727 666 3812; x_wconf 83' lang='lat' dir='ltr'><strong>positum</strong></span> <span class='ocrx_word' id='word_1_267' title='bbox 689 3731 753 3792; x_wconf 83' lang='lat' dir='ltr'><strong>est:</strong></span> <span class='ocrx_word' id='word_1_268' title='bbox 777 3729 807 3806; x_wconf 87' lang='lat'><strong>3,</strong></span> <span class='ocrx_word' id='word_1_269' title='bbox 823 3727 886 3796; x_wconf 88' lang='grc'><strong>106</strong></span> <span class='ocrx_word' id='word_1_270' title='bbox 902 3725 1080 3791; x_wconf 75' lang='lat' dir='ltr'><strong>Albensium</strong></span> <span class='ocrx_word' id='word_1_271' title='bbox 1094 3725 1179 3789; x_wconf 78' lang='lat' dir='ltr'><strong>Alba</strong></span> <span class='ocrx_word' id='word_1_272' title='bbox 1202 3728 1245 3789; x_wconf 85' lang='lat' dir='ltr'><strong>ad</strong></span> <span class='ocrx_word' id='word_1_273' title='bbox 1260 3723 1410 3789; x_wconf 76' lang='lat' dir='ltr'><strong>Fucinum</strong></span> <span class='ocrx_word' id='word_1_274' title='bbox 1426 3726 1534 3791; x_wconf 78' lang='lat' dir='ltr'><strong>lamam.</strong></span> <span class='ocrx_word' id='word_1_275' title='bbox 1580 3732 1750 3811; x_wconf 78' lang='lat' dir='ltr'><strong>praeterea</strong></span> 
     </span>
     <span class='ocr_line' id='line_1_29' title="bbox 410 3831 1749 3919; baseline 0.001 -20"><span class='ocrx_word' id='word_1_276' title='bbox 410 3832 452 3899; x_wconf 81' lang='lat' dir='ltr'><strong>cf.</strong></span> <span class='ocrx_word' id='word_1_277' title='bbox 488 3837 518 3914; x_wconf 89' lang='lat'><strong>3,</strong></span> <span class='ocrx_word' id='word_1_278' title='bbox 552 3836 615 3903; x_wconf 89' lang='lat'><strong>113</strong></span> <span class='ocrx_word' id='word_1_279' title='bbox 651 3831 833 3897; x_wconf 72' lang='lat' dir='ltr'><strong>Narnienses</strong></span> <span class='ocrx_word' id='word_1_280' title='bbox 877 3834 957 3918; x_wconf 77' lang='lat' dir='ltr'><strong>quod</strong></span> <span class='ocrx_word' id='word_1_281' title='bbox 994 3833 1139 3919; x_wconf 81' lang='lat' dir='ltr'><strong>oppidum</strong></span> <span class='ocrx_word' id='word_1_282' title='bbox 1172 3831 1349 3917; x_wconf 83' lang='lat' dir='ltr'><strong>Nequinum</strong></span> <span class='ocrx_word' id='word_1_283' title='bbox 1387 3844 1474 3897; x_wconf 87' lang='lat' dir='ltr'><strong>antea</strong></span> <span class='ocrx_word' id='word_1_284' title='bbox 1507 3834 1664 3897; x_wconf 72' lang='lat' dir='ltr'><strong>sommium</strong></span> <span class='ocrx_word' id='word_1_285' title='bbox 1697 3845 1749 3901; x_wconf 87' lang='lat' dir='ltr'><strong>est.</strong></span> 
     </span>
     <span class='ocr_line' id='line_1_30' title="bbox 411 3937 1749 4024; baseline -0.001 -17"><span class='ocrx_word' id='word_1_286' title='bbox 411 3941 560 4008; x_wconf 85' lang='lat' dir='ltr'><strong>similiter</strong></span> <span class='ocrx_word' id='word_1_287' title='bbox 582 3944 613 4024; x_wconf 86' lang='lat'><strong>3,</strong></span> <span class='ocrx_word' id='word_1_288' title='bbox 635 3944 676 4011; x_wconf 81' lang='lat'><strong>51</strong></span> <span class='ocrx_word' id='word_1_289' title='bbox 701 3940 847 4004; x_wconf 80' lang='lat' dir='ltr'><strong>coloniae:</strong></span> <span class='ocrx_word' id='word_1_290' title='bbox 876 3938 1001 4004; x_wconf 82' lang='lat' dir='ltr'><strong>Falisca</strong></span> <span class='ocrx_word' id='word_1_291' title='bbox 1023 3940 1119 4024; x_wconf 68' lang='lat' dir='ltr'><strong>Arpos</strong></span> <span class='ocrx_word' id='word_1_292' title='bbox 1148 3950 1216 4003; x_wconf 78' lang='lat' dir='ltr'><strong>orta</strong></span> <span class='ocrx_word' id='word_1_293' title='bbox 1246 3949 1280 4001; x_wconf 87' lang='lat' dir='ltr'><strong>ut</strong></span> <span class='ocrx_word' id='word_1_294' title='bbox 1303 3950 1406 4002; x_wconf 80' lang='lat' dir='ltr'><strong>auctor</strong></span> <span class='ocrx_word' id='word_1_295' title='bbox 1435 3950 1476 4003; x_wconf 87' lang='lat' dir='ltr'><strong>est</strong></span> <span class='ocrx_word' id='word_1_296' title='bbox 1500 3937 1582 4006; x_wconf 86' lang='lat' dir='ltr'><strong>Cato.</strong></span> <span class='ocrx_word' id='word_1_297' title='bbox 1627 3938 1749 4006; x_wconf 81' lang='lat' dir='ltr'><strong>haece</strong></span> 
     </span>
     <span class='ocr_line' id='line_1_31' title="bbox 411 4043 1747 4133; baseline 0.002 -18"><span class='ocrx_word' id='word_1_298' title='bbox 411 4045 560 4115; x_wconf 89' lang='lat' dir='ltr'><strong>Varrone</strong></span> <span class='ocrx_word' id='word_1_299' title='bbox 583 4047 713 4113; x_wconf 86' lang='lat' dir='ltr'><strong>fluxisse</strong></span> <span class='ocrx_word' id='word_1_300' title='bbox 736 4046 875 4132; x_wconf 81' lang='lat' dir='ltr'><strong>Dionysi</strong></span> <span class='ocrx_word' id='word_1_301' title='bbox 897 4046 968 4112; x_wconf 93' lang='lat' dir='ltr'><strong>loco</strong></span> <span class='ocrx_word' id='word_1_302' title='bbox 992 4043 1236 4130; x_wconf 88' lang='lat' dir='ltr'><strong>comprobatur:</strong></span> <span class='ocrx_word' id='word_1_303' title='bbox 1260 4044 1348 4111; x_wconf 88' lang='lat' dir='ltr'><strong>arch.</strong></span> <span class='ocrx_word' id='word_1_304' title='bbox 1372 4051 1401 4133; x_wconf 86' lang='lat'><strong>1,</strong></span> <span class='ocrx_word' id='word_1_305' title='bbox 1416 4048 1458 4115; x_wconf 87' lang='grc'><strong>21</strong></span> <span class='ocrx_word' id='word_1_306' title='bbox 1483 4044 1538 4132; x_wconf 76' lang='lat' dir='ltr'><strong>(ct</strong></span> <span class='ocrx_word' id='word_1_307' title='bbox 1561 4043 1662 4115; x_wconf 82' lang='lat' dir='ltr'><strong>Solin.</strong></span> <span class='ocrx_word' id='word_1_308' title='bbox 1679 4050 1747 4129; x_wconf 82' lang='lat'><strong>2,7</strong></span> 
     </span>
     <span class='ocr_line' id='line_1_32' title="bbox 410 4151 1772 4244; baseline 0.001 -24"><span class='ocrx_word' id='word_1_309' title='bbox 410 4151 501 4220; x_wconf 80' lang='lat' dir='ltr'><strong>Serv.</strong></span> <span class='ocrx_word' id='word_1_310' title='bbox 518 4151 604 4218; x_wconf 88' lang='lat' dir='ltr'><strong>Aen.</strong></span> <span class='ocrx_word' id='word_1_311' title='bbox 623 4155 653 4235; x_wconf 82' lang='lat'><strong>7,</strong></span> <span class='ocrx_word' id='word_1_312' title='bbox 667 4156 731 4223; x_wconf 83' lang='grc'><strong>695</strong></span> <span class='ocrx_word' id='word_1_313' title='bbox 748 4152 787 4222; x_wconf 87' lang='lat' dir='ltr'><strong>cl.</strong></span> <span class='ocrx_word' id='word_1_314' title='bbox 805 4152 894 4220; x_wconf 81' lang='lat' dir='ltr'><strong>Fest.</strong></span> <span class='ocrx_word' id='word_1_315' title='bbox 911 4152 979 4238; x_wconf 82' lang='lat'><strong>83).</strong></span> <span class='ocrx_word' id='word_1_316' title='bbox 1767 4239 1772 4244; x_wconf 20' lang='grc' dir='ltr'><em>ι</em></span> 
     </span>
     <span class='ocr_line' id='line_1_33' title="bbox 517 4255 1747 4344; baseline 0.001 -22"><span class='ocrx_word' id='word_1_317' title='bbox 517 4258 550 4323; x_wconf 94' lang='lat' dir='ltr'><strong>in</strong></span> <span class='ocrx_word' id='word_1_318' title='bbox 565 4259 691 4344; x_wconf 91' lang='lat' dir='ltr'><strong>periplo</strong></span> <span class='ocrx_word' id='word_1_319' title='bbox 706 4259 808 4343; x_wconf 90' lang='lat' dir='ltr'><strong>igitur</strong></span> <span class='ocrx_word' id='word_1_320' title='bbox 827 4257 1018 4343; x_wconf 89' lang='lat' dir='ltr'><strong>oppidorum</strong></span> <span class='ocrx_word' id='word_1_321' title='bbox 1040 4257 1181 4338; x_wconf 90' lang='lat' dir='ltr'><strong>nomina,</strong></span> <span class='ocrx_word' id='word_1_322' title='bbox 1204 4278 1269 4324; x_wconf 94' lang='lat' dir='ltr'><strong>non</strong></span> <span class='ocrx_word' id='word_1_323' title='bbox 1292 4257 1471 4324; x_wconf 88' lang='lat' dir='ltr'><strong>incolarum</strong></span> <span class='ocrx_word' id='word_1_324' title='bbox 1492 4255 1747 4323; x_wconf 86' lang='lat' dir='ltr'><strong>inveniebantur.</strong></span> 
     </span>
     <span class='ocr_line' id='line_1_34' title="bbox 409 4363 1746 4454; baseline -0.001 -26"><span class='ocrx_word' id='word_1_325' title='bbox 409 4364 521 4447; x_wconf 87' lang='lat' dir='ltr'><strong>itaque</strong></span> <span class='ocrx_word' id='word_1_326' title='bbox 556 4367 587 4447; x_wconf 90' lang='lat'><strong>3,</strong></span> <span class='ocrx_word' id='word_1_327' title='bbox 612 4367 654 4434; x_wconf 87' lang='grc'><strong>63</strong></span> <span class='ocrx_word' id='word_1_328' title='bbox 686 4365 801 4450; x_wconf 93' lang='lat' dir='ltr'><strong>incipit</strong></span> <span class='ocrx_word' id='word_1_329' title='bbox 833 4365 961 4431; x_wconf 92' lang='lat' dir='ltr'><strong>Plinius</strong></span> <span class='ocrx_word' id='word_1_330' title='bbox 984 4364 1160 4431; x_wconf 89' lang='lat' dir='ltr'><strong>secundum</strong></span> <span class='ocrx_word' id='word_1_331' title='bbox 1182 4363 1356 4450; x_wconf 88' lang='lat' dir='ltr'><strong>periplum:</strong></span> <span class='ocrx_word' id='word_1_332' title='bbox 1381 4363 1602 4454; x_wconf 55' lang='lat' dir='ltr'><strong>Abellinum),</strong></span> <span class='ocrx_word' id='word_1_333' title='bbox 1628 4363 1746 4439; x_wconf 76' lang='lat' dir='ltr'><strong>Aricia,</strong></span> 
     </span>
     <span class='ocr_line' id='line_1_35' title="bbox 356 4463 1747 4556; baseline 0.003 -24"><span class='ocrx_word' id='word_1_334' title='bbox 356 4463 360 4469; x_wconf 76' lang='grc'><strong>’</strong></span> <span class='ocrx_word' id='word_1_335' title='bbox 409 4469 492 4532; x_wconf 79' lang='lat' dir='ltr'><strong>Alba</strong></span> <span class='ocrx_word' id='word_1_336' title='bbox 522 4468 640 4556; x_wconf 79' lang='lat' dir='ltr'><strong>Lampo,</strong></span> <span class='ocrx_word' id='word_1_337' title='bbox 671 4478 852 4556; x_wconf 88' lang='lat' dir='ltr'><strong>sequuntur</strong></span> <span class='ocrx_word' id='word_1_338' title='bbox 882 4472 1025 4538; x_wconf 89' lang='lat' dir='ltr'><strong>ethnica:</strong></span> <span class='ocrx_word' id='word_1_339' title='bbox 1057 4472 1210 4536; x_wconf 77' lang='lat' dir='ltr'><strong>Acerrani</strong></span> <span class='ocrx_word' id='word_1_340' title='bbox 1240 4477 1300 4537; x_wconf 90' lang='lat' dir='ltr'><strong>etc.</strong></span> <span class='ocrx_word' id='word_1_341' title='bbox 1346 4471 1453 4556; x_wconf 91' lang='lat' dir='ltr'><strong>ipsam</strong></span> <span class='ocrx_word' id='word_1_342' title='bbox 1483 4474 1593 4536; x_wconf 90' lang='lat' dir='ltr'><strong>autem</strong></span> <span class='ocrx_word' id='word_1_343' title='bbox 1624 4467 1747 4536; x_wconf 85' lang='lat' dir='ltr'><strong>Albam</strong></span> 
     </span>
     <span class='ocr_line' id='line_1_36' title="bbox 408 4575 1747 4663; baseline -0.001 -20"><span class='ocrx_word' id='word_1_344' title='bbox 408 4575 557 4662; x_wconf 87' lang='lat' dir='ltr'><strong>Longam</strong></span> <span class='ocrx_word' id='word_1_345' title='bbox 580 4577 668 4663; x_wconf 90' lang='lat' dir='ltr'><strong>apud</strong></span> <span class='ocrx_word' id='word_1_346' title='bbox 690 4580 880 4662; x_wconf 89' lang='lat' dir='ltr'><strong>Augustum</strong></span> <span class='ocrx_word' id='word_1_347' title='bbox 911 4580 1155 4647; x_wconf 87' lang='lat' dir='ltr'><strong>commemorari</strong></span> <span class='ocrx_word' id='word_1_348' title='bbox 1176 4600 1241 4646; x_wconf 91' lang='lat' dir='ltr'><strong>non</strong></span> <span class='ocrx_word' id='word_1_349' title='bbox 1263 4578 1408 4663; x_wconf 88' lang='lat' dir='ltr'><strong>potuisse</strong></span> <span class='ocrx_word' id='word_1_350' title='bbox 1429 4575 1648 4643; x_wconf 86' lang='lat' dir='ltr'><strong>Mommsanus</strong></span> <span class='ocrx_word' id='word_1_351' title='bbox 1670 4595 1747 4661; x_wconf 87' lang='lat' dir='ltr'><strong>cog·</strong></span> 
     </span>
    </p>
   </div>
   <div class='ocr_carea' id='block_1_4' title="bbox 408 4680 1745 4772">
    <p class='ocr_par' dir='ltr' id='par_1_4' title="bbox 408 4680 1745 4772">
     <span class='ocr_line' id='line_1_37' title="bbox 408 4680 1745 4772; baseline -0.002 -22"><span class='ocrx_word' id='word_1_352' title='bbox 408 4685 508 4767; x_wconf 88' lang='lat' dir='ltr'><strong>novit,</strong></span> <span class='ocrx_word' id='word_1_353' title='bbox 531 4685 691 4770; x_wconf 87' lang='lat' dir='ltr'><strong>siquidem</strong></span> <span class='ocrx_word' id='word_1_354' title='bbox 714 4687 794 4752; x_wconf 90' lang='lat' dir='ltr'><strong>ordo</strong></span> <span class='ocrx_word' id='word_1_355' title='bbox 817 4686 1008 4772; x_wconf 89' lang='lat' dir='ltr'><strong>oppidorum</strong></span> <span class='ocrx_word' id='word_1_356' title='bbox 1028 4688 1251 4772; x_wconf 86' lang='lat' dir='ltr'><strong>respiceretur.</strong></span> <span class='ocrx_word' id='word_1_357' title='bbox 1297 4685 1371 4752; x_wconf 90' lang='lat' dir='ltr'><strong>dein</strong></span> <span class='ocrx_word' id='word_1_358' title='bbox 1387 4683 1537 4759; x_wconf 74' lang='lat' dir='ltr'><strong>Boeotiae,</strong></span> <span class='ocrx_word' id='word_1_359' title='bbox 1566 4680 1745 4766; x_wconf 68' lang='lat' dir='ltr'><strong>Gadaum‘),</strong></span> 
     </span>
    </p>
   </div>
   <div class='ocr_carea' id='block_1_5' title="bbox 516 4843 1747 5006">
    <p class='ocr_par' dir='ltr' id='par_1_5' title="bbox 516 4843 1747 5006">
     <span class='ocr_line' id='line_1_38' title="bbox 518 4843 875 4916; baseline 0.006 -17"><span class='ocrx_word' id='word_1_360' title='bbox 518 4844 539 4915; x_wconf 88' lang='lat'><strong>²)</strong></span> <span class='ocrx_word' id='word_1_361' title='bbox 557 4843 645 4901; x_wconf 82' lang='lat' dir='ltr'><strong>Britr.</strong></span> <span class='ocrx_word' id='word_1_362' title='bbox 664 4843 697 4899; x_wconf 92' lang='lat'><strong>11</strong></span> <span class='ocrx_word' id='word_1_363' title='bbox 715 4844 785 4902; x_wconf 86' lang='grc'>1878</span> <span class='ocrx_word' id='word_1_364' title='bbox 803 4861 831 4916; x_wconf 89' lang='lat' dir='ltr'><strong>p.</strong></span> <span class='ocrx_word' id='word_1_365' title='bbox 850 4846 875 4901; x_wconf 82' lang='lat'><strong>6.</strong></span> 
     </span>
     <span class='ocr_line' id='line_1_39' title="bbox 516 4927 1747 5006; baseline -0.004 -17"><span class='ocrx_word' id='word_1_366' title='bbox 516 4933 539 5006; x_wconf 78' lang='lat'><strong>⁹)</strong></span> <span class='ocrx_word' id='word_1_367' title='bbox 558 4933 594 4990; x_wconf 83' lang='lat' dir='ltr'><strong>ci.</strong></span> <span class='ocrx_word' id='word_1_368' title='bbox 613 4935 638 5003; x_wconf 82' lang='lat'><strong>3,</strong></span> <span class='ocrx_word' id='word_1_369' title='bbox 648 4935 700 4990; x_wconf 84' lang='grc'><strong>105</strong></span> <span class='ocrx_word' id='word_1_370' title='bbox 719 4933 768 4988; x_wconf 89' lang='lat' dir='ltr'><strong>nbi</strong></span> <span class='ocrx_word' id='word_1_371' title='bbox 786 4934 816 4987; x_wconf 90' lang='lat' dir='ltr'><strong>in</strong></span> <span class='ocrx_word' id='word_1_372' title='bbox 834 4933 955 4989; x_wconf 84' lang='lat' dir='ltr'><strong>secunda</strong></span> <span class='ocrx_word' id='word_1_373' title='bbox 967 4934 1082 5004; x_wconf 85' lang='lat' dir='ltr'><strong>ragione</strong></span> <span class='ocrx_word' id='word_1_374' title='bbox 1094 4934 1348 4989; x_wconf 83' lang='lat' dir='ltr'><strong>commemorantur</strong></span> <span class='ocrx_word' id='word_1_375' title='bbox 1366 4947 1402 4986; x_wconf 87' lang='lat' dir='ltr'><strong>ex</strong></span> <span class='ocrx_word' id='word_1_376' title='bbox 1413 4929 1558 5001; x_wconf 65' lang='lat' dir='ltr'><strong>Augustae</strong></span> <span class='ocrx_word' id='word_1_377' title='bbox 1578 4927 1747 4986; x_wconf 80' lang='lat' dir='ltr'><strong>Abellinaiss</strong></span> 
     </span>
    </p>
   </div>
   <div class='ocr_carea' id='block_1_6' title="bbox 408 5021 1442 5184">
    <p class='ocr_par' dir='ltr' id='par_1_6' title="bbox 408 5021 1442 5184">
     <span class='ocr_line' id='line_1_40' title="bbox 408 5021 1197 5095; baseline -0.003 -17"><span class='ocrx_word' id='word_1_378' title='bbox 408 5022 565 5095; x_wconf 75' lang='lat' dir='ltr'><strong>cognomine</strong></span> <span class='ocrx_word' id='word_1_379' title='bbox 582 5021 714 5094; x_wconf 64' lang='lat' dir='ltr'><strong>Protrmi</strong></span> <span class='ocrx_word' id='word_1_380' title='bbox 732 5022 900 5080; x_wconf 79' lang='lat' dir='ltr'><strong>Abellinatcs</strong></span> <span class='ocrx_word' id='word_1_381' title='bbox 918 5023 1076 5094; x_wconf 71' lang='lat' dir='ltr'><strong>cognomine</strong></span> <span class='ocrx_word' id='word_1_382' title='bbox 1094 5022 1197 5078; x_wconf 80' lang='lat' dir='ltr'><strong>Marsi.</strong></span> 
     </span>
     <span class='ocr_line' id='line_1_41' title="bbox 518 5108 1442 5184; baseline 0 -18"><span class='ocrx_word' id='word_1_383' title='bbox 518 5112 539 5184; x_wconf 76' lang='lat'><strong>⁸)</strong></span> <span class='ocrx_word' id='word_1_384' title='bbox 560 5109 674 5168; x_wconf 74' lang='lat' dir='ltr'><strong>Caiatia</strong></span> <span class='ocrx_word' id='word_1_385' title='bbox 693 5110 803 5168; x_wconf 77' lang='lat' dir='ltr'><strong>Galatia</strong></span> <span class='ocrx_word' id='word_1_386' title='bbox 821 5108 997 5165; x_wconf 86' lang='lat' dir='ltr'><strong>scribendum</strong></span> <span class='ocrx_word' id='word_1_387' title='bbox 1016 5109 1101 5165; x_wconf 80' lang='lat' dir='ltr'><strong>fnisse</strong></span> <span class='ocrx_word' id='word_1_388' title='bbox 1119 5110 1306 5168; x_wconf 75' lang='lat' dir='ltr'><strong>Mommsanus</strong></span> <span class='ocrx_word' id='word_1_389' title='bbox 1323 5108 1442 5166; x_wconf 81' lang='lat' dir='ltr'><strong>edocuit.</strong></span> 
     </span>
    </p>
   </div>
   <div class='ocr_carea' id='block_1_7' title="bbox 0 0 2142 6023">
    <p class='ocr_par' dir='ltr' id='par_1_7' title="bbox 0 0 2142 6023">
     <span class='ocr_line' id='line_1_42' title="bbox 0 0 2142 6023; baseline 0 0"><span class='ocrx_word' id='word_1_390' title='bbox 0 0 2142 6023; x_wconf 95' lang='lat' dir='ltr'><strong> </strong></span> 
     </span>
    </p>
   </div>
  </div>
 </body>
</html>
