4275 6025
1044 736 1086 800 61

397 943 533 1011 Cebenna
564 967 599 1009 ac
621 945 753 1011 Iuribus.
800 967 864 1030 quo
901 968 973 1013 cum
1008 946 1080 1013 loco
1112 946 1324 1032 conferendus
1358 953 1408 1014 est
1438 947 1734 1014 Dimsusuratiouis

297 1062 301 1068 '
396 1052 486 1118 loeus
508 1056 548 1121 21
580 1049 687 1117 Gallia
709 1049 913 1116 Narbonensis
940 1063 967 1116 et
989 1053 1160 1138 Aquitania
1169 1053 1194 1123 ¹)
1225 1053 1264 1116 ob
1292 1055 1401 1118 oriente
1423 1053 1563 1139 Alpibus,
1596 1055 1635 1117 ab
1662 1055 1736 1118 occi·

396 1159 480 1222 dente
502 1159 581 1221 saltu
604 1157 773 1243 Pyrenaeo,
796 1180 816 1220 o
838 1158 1032 1245 septentrione
1055 1158 1201 1223 monibus
1223 1157 1390 1238 Cebenno')
1414 1172 1441 1224 et
1456 1159 1587 1236 Iuribus,
1633 1183 1654 1223 o
1676 1181 1735 1226 rne-

398 1265 476 1328 ridie
508 1266 592 1328 mari
628 1260 752 1329 Gabino.
803 1265 978 1347 genuinum
1011 1264 1073 1331 hoc
1107 1265 1278 1350 Agrippae
1309 1265 1527 1351 fragmentum
1560 1287 1630 1333 esse
1663 1267 1735 1352 ipso

398 1369 538 1436 laterum
553 1371 666 1436 ordine
681 1369 810 1454 egregie
825 1369 1065 1455 comprobatur.
1104 1372 1188 1438 solat
1203 1375 1287 1438 enim
1303 1374 1465 1458 Agrippa,
1489 1375 1573 1440 sicut
1588 1373 1735 1458 plurimis

398 1475 477 1541 locis
499 1474 672 1542 observare
694 1475 781 1559 licat,
804 1477 960 1543 terminos
987 1477 1034 1542 ita
1058 1476 1202 1557 definire,
1230 1485 1268 1545 ut
1290 1479 1332 1545 ab
1356 1481 1481 1546 oriente
1508 1480 1551 1547 ad
1574 1500 1734 1560 occasum,

398 1581 441 1649 ab
464 1583 738 1668 septentrionibus
761 1582 805 1649 ad
819 1583 986 1650 meridiem
1002 1585 1166 1670 procedat.
1212 1586 1311 1670 paulo
1333 1587 1374 1654 ab
1397 1590 1466 1654 eius
1487 1587 1593 1653 verbis
1608 1586 1736 1652 destitit

397 1689 502 1760 Diris.
526 1689 595 1756 orb.
619 1692 641 1760 8
662 1689 720 1756 ubi
741 1711 801 1775 pro
823 1690 1006 1757 notionibus
1029 1692 1178 1755 montibus
1199 1689 1333 1757 Cebemm
1355 1704 1382 1758 et
1404 1693 1526 1757 Inribm
1554 1713 1638 1778 quae
1660 1712 1734 1757 con·

398 1815 495 1864 sensu
516 1798 616 1864 trium
638 1797 783 1864 locorum
806 1797 975 1883 Agrippae
1004 1798 1067 1884 ipsi
1089 1799 1302 1882 vindicantur,
1323 1801 1439 1884 finibus
1471 1800 1678 1863 Viennensium
1708 1807 1736 1862 et

397 1906 546 1969 mentibus
576 1903 744 1970 Cromnae
766 1903 896 1989 legitur.
941 1910 1052 1971 tamen
1076 1906 1213 1971 duorum
1235 1907 1368 1971 testium
1399 1907 1593 1972 sententiam
1622 1904 1736 1987 geuui-

398 2030 473 2075 nam
496 2032 574 2091 asse,
605 2010 780 2077 Divisiouis
813 2009 914 2077 verba
943 2011 1132 2078 adulterata
1158 2011 1209 2078 vel
1232 2011 1308 2077 inde
1330 2013 1543 2097 cognoscitur,
1576 2009 1663 2096 quod
1686 2009 1736 2076 illi

398 2115 520 2182 iustum
536 2118 681 2184 ordinem
696 2118 909 2200 retinuerunt,
934 2118 989 2201 qui
1007 2117 1177 2202 Agrippae
1192 2117 1234 2183 ab
1251 2117 1433 2202 Hispaniae
1449 2119 1607 2184 orientem
1621 2137 1735 2182 versus

400 2223 647 2308 proficiscenti⁸l
670 2225 889 2292 observandus
911 2223 983 2307 fuit,
1008 2225 1145 2290 eundem
1167 2224 1202 2289 in
1219 2223 1321 2290 Diris.
1344 2225 1505 2290 inversum
1526 2243 1595 2289 esse
1619 2222 1734 2305 elucet,

401 2349 440 2395 eo
464 2329 549 2414 qnod
571 2329 613 2395 ab
635 2331 757 2398 oriente
780 2331 822 2397 ad
845 2352 994 2397 occasum
1017 2330 1090 2396 finis
1106 2330 1367 2416 septentrionalis
1391 2329 1591 2396 describitur.
1631 2330 1735 2394 mani·

401 2435 485 2502 festa
513 2437 616 2521 igitur
645 2437 744 2504 verba
775 2437 946 2525 Agrippae
975 2446 1123 2504 tenemus
1153 2435 1241 2522 apud
1264 2437 1406 2502 Plinium
1434 2444 1469 2502 ct
1497 2437 1531 2500 in
1564 2435 1736 2501 Dimansu·

399 2543 534 2609 ratione.
557 2543 621 2609 iam
633 2543 754 2611 Melam
766 2545 1034 2629 contemplemur:
1053 2548 1084 2623 2,
1096 2548 1138 2615 74
1156 2540 1259 2608 Gallia
1271 2542 1429 2608 Lemanno
1444 2543 1512 2606 laea
1526 2553 1554 2607 et
1567 2539 1737 2607 Cebennicis

398 2649 546 2713 montibus
568 2652 600 2714 in
622 2653 681 2715 dno
703 2653 799 2716 latero
821 2654 920 2716 diuisa
943 2663 1031 2737 atque
1046 2651 1139 2716 altero
1157 2649 1287 2714 Terrorem
1306 2651 1435 2736 pelagus
1458 2650 1621 2737 adtingens,
1643 2648 1735 2712 altero

397 2777 549 2832 oceanum,
588 2758 636 2822 bic
669 2782 689 2821 a
724 2759 813 2833 Varo,
845 2759 906 2823 illic
932 2782 952 2822 o
983 2759 1090 2823 Rbeno
1124 2760 1166 2822 ad
1194 2765 1381 2844 Pyrenaeum
1415 2779 1506 2844 nsque
1539 2758 1734 2843 permittitur.

398 2865 514 2948 quibus
536 2865 571 2931 in
592 2866 699 2932 verbis
715 2869 880 2953 complura
899 2875 976 2935 suut
999 2867 1096 2952 digna
1118 2868 1357 2937 memoratione.
1396 2887 1436 2932 ac
1449 2865 1588 2951 primum
1605 2862 1736 2948 quidem

399 2971 558 3038 diversum
585 2977 726 3039 tractum
751 2972 872 3040 Melam
899 2974 992 3059 sequi
1014 2981 1113 3059 atque
1137 2973 1321 3058 Agrippam
1349 2972 1454 3057 primo
1477 2976 1609 3056 aspectu
1633 2975 1734 3054 patet.

399 3078 516 3145 deiude
538 3100 602 3146 non
625 3088 749 3146 montes
765 3078 918 3148 Cebenna
941 3088 974 3148 et
989 3081 1085 3147 Iures
1100 3078 1288 3162 afferuntur,
1315 3080 1373 3146 sed
1388 3078 1478 3145 la'cus
1494 3077 1679 3143 Lemannus
1702 3079 1737 3142 et

399 3186 591 3253 Uebennici
606 3187 778 3274 montes4).
810 3188 981 3273 Agrippae
1003 3187 1104 3272 igitur
1119 3187 1255 3271 vestigia
1269 3186 1367 3253 nulla.
1408 3187 1466 3252 sed
1481 3184 1554 3251 vide
1577 3190 1735 3268 quantum

399 3291 487 3357 Mela
509 3292 609 3358 distet
632 3293 731 3358 etiam
754 3292 795 3359 ab
811 3294 883 3379 ipso
898 3292 1019 3359 Plinio:
1044 3291 1288 3359 Narbonensem
1303 3290 1445 3359 Tuscum
1462 3312 1551 3357 mare
1567 3290 1736 3374 adtingere

398 3403 513 3464 contra
527 3397 616 3464 Plini
639 3420 732 3465 usum
756 3400 878 3465 dictum
901 3398 999 3479 asel),
1023 3399 1081 3483 qui
1104 3401 1135 3477 3,
1153 3401 1195 3469 75
1211 3396 1375 3464 Gallicum
1398 3406 1475 3464 ante
1489 3396 1735 3464 Narbonensem

398 3504 604 3587 provinciam,
629 3504 745 3571 deinde
759 3503 974 3589 Ligusticum,
998 3505 1040 3571 ab
1063 3505 1254 3571 eudemum
1276 3503 1318 3569 ad
1334 3503 1478 3572 Siciliam
1501 3503 1639 3570 insulam
1654 3499 1736 3567 'Pus-
1787 3580 1788 3583 Ἴ

399 3628 472 3675 cum
494 3630 584 3675 mare
606 3618 783 3696 percenset.
823 3614 1021 3679 contrarium
1044 3612 1145 3696 igitur
1168 3634 1207 3677 ex
1229 3611 1291 3677 hac
1307 3612 1547 3695 comparatione
1570 3608 1735 3675 effecimus

399 3734 497 3798 quam
513 3715 601 3800 quod
617 3713 788 3783 Schrader
803 3718 879 3785 inde
895 3718 1064 3785 conclusit:
1089 3740 1150 3785 nec
1169 3719 1290 3785 Melam
1305 3714 1457 3803 Agrippa
1471 3717 1521 3782 uti
1535 3736 1594 3782 nec
1605 3716 1736 3782 omnino

400 3818 512 3886 eodem
535 3843 599 3905 quo
621 3820 762 3888 Plinium
787 3822 886 3891 fonte.

502 3933 573 3991 tum
607 3926 647 3992 de
680 3925 768 3994 Mela
803 3935 833 4011 1,
858 3932 901 3999 49
936 3935 969 3995 et
998 3929 1085 3999 Plin.
1116 3933 1147 4012 5,
1171 3930 1215 3998 48
1249 3927 1391 3993 breviter
1423 3946 1522 4009 agere
1551 3946 1735 4011 possumus.

399 4033 442 4099 ab
476 4031 627 4120 Agrippa
661 4036 745 4101 euim
779 4038 968 4123 Aegyptum
1005 4059 1079 4103 cum
1112 4036 1228 4102 Africa
1261 4034 1411 4118 coniungi
1444 4032 1563 4098 diserte
1596 4038 1737 4098 testatur

399 4138 539 4207 Plinius:
572 4146 602 4223 5,
627 4144 671 4211 40
694 4144 835 4231 Agrippa
866 4148 955 4209 totins
987 4145 1112 4231 Afrr'eae
1142 4167 1163 4207 e
1192 4144 1276 4207 mori
1308 4142 1461 4206 Atlantico
1494 4164 1564 4205 cam
1597 4137 1736 4225 inferiore

399 4247 535 4333 Aegypto
562 4235 679 4339 [X'XXl
701 4250 915 4336 longitudinem
937 4252 1087 4339 (prodit).
1118 4252 1171 4317 cui
1194 4249 1372 4317 sententiae
1387 4269 1471 4333 quae
1494 4247 1587 4314 nobis
1603 4247 1736 4332 quidem

507 4493 529 4562 1)
547 4491 609 4547 fieri
626 4511 683 4548 non
700 4498 794 4563 potest
811 4498 843 4548 ut
861 4494 947 4549 verba
963 4498 990 4551 et
1007 4494 1161 4564 Aquitania
1178 4495 1298 4565 gensum
1315 4493 1382 4550 siut.

507 4579 531 4652 ¹)
549 4584 676 4637 comesne
693 4581 774 4636 codd
794 4588 870 4636 certe
887 4582 1002 4652 propius
1021 4582 1101 4637 abest
1118 4581 1193 4653 quod
1212 4581 1337 4635 Riesium
1359 4584 1436 4636 recte
1461 4578 1581 4636 edidisse
1598 4585 1667 4650 puto
1687 4579 1736 4636 Oe·

400 4667 495 4741 huno,
513 4687 595 4740 quam
614 4670 688 4739 quod
705 4671 790 4739 vulgo
808 4676 873 4726 ante
891 4689 953 4725 eum
971 4672 1118 4743 legebatur
1137 4670 1301 4727 Cebennicis.

507 4756 530 4829 ⁸)
548 4774 603 4828 qua
620 4758 655 4814 de
672 4775 704 4813 rs
721 4759 806 4829 paulo
825 4763 889 4830 post
907 4777 1020 4830 agemus
1037 4777 1066 4829 p.
1085 4761 1128 4816 63.

507 4845 531 4915 ⁴)
549 4863 585 4901 ne
615 4848 640 4915 2,
650 4848 685 4904 80
713 4847 824 4918 quidem
851 4848 998 4918 singularis
1026 4852 1119 4903 exstat
1147 4863 1203 4917 quo
1230 4847 1360 4918 Agrippa
1390 4847 1488 4903 utitur.
1533 4860 1612 4900 mous
1642 4848 1736 4899 autem

398 4934 527 4992 Cevenna
544 4938 618 5007 apud
636 4936 779 4994 (laesarum
798 4956 905 5010 quoque
924 4938 1003 4993 unice
1022 4937 1136 4993 dicitur:
1156 4937 1228 4995 Gall.
1247 4940 1274 5008 7,
1286 4938 1313 5006 8,
1326 4939 1352 4992 2.
1365 4938 1390 4993 3.
1410 4937 1436 5003 7,
1449 4937 1492 5004 56,
1504 4935 1531 4990 2.

507 5026 529 5097 ⁵)
547 5040 604 5082 uon
622 5026 712 5081 bislee
731 5043 854 5081 errorem
872 5025 992 5094 subesse,
1014 5024 1065 5080 sed
1087 5024 1145 5080 eius
1167 5029 1310 5080 auctorem
1325 5022 1409 5078 Tusci
1430 5022 1515 5077 maris
1531 5036 1633 5075 nomeu
1650 5018 1736 5075 latius

397 5130 567 5187 propagasse
585 5132 620 5170 ex
638 5116 708 5182 1,17
726 5114 902 5186 perspicitur.
