4275 6025
1070 658 1113 722 48

529 871 594 938 iam
641 875 679 937 ut
726 871 868 936 breviter
914 869 1231 954 comprehendamus,
1281 867 1360 953 quid
1402 869 1518 954 cuique
1557 868 1765 954 potissimum

422 974 593 1042 debeatur:
618 998 691 1044 cum
715 977 928 1046 Varronianis
951 976 1193 1043 Eratosthenes
1214 981 1248 1042 et
1270 975 1451 1061 Polybiane
1473 977 1645 1043 coniuncta
1674 985 1763 1061 sunt,

423 1083 541 1169 reliqui
564 1080 685 1150 Graeci
708 1105 782 1150 cum
808 1084 878 1168 ipso
901 1083 1121 1149 Eratosthene
1152 1082 1344 1168 plerumque
1374 1105 1434 1168 per
1455 1084 1616 1149 Isidorum
1639 1082 1766 1152 Obare-

422 1209 537 1256 cenum
561 1196 594 1255 et
616 1190 731 1257 Iubam
752 1189 861 1257 Plinio
885 1190 989 1256 oblati
1012 1195 1099 1270 sunt,
1121 1189 1219 1274 pauci
1241 1190 1328 1274 apud
1352 1187 1511 1257 Sebosum
1535 1190 1764 1276 Nepotemque

423 1295 560 1366 laudati.
607 1297 791 1382 Agrippam
814 1302 923 1364 autem
946 1296 1052 1362 fontes
1078 1296 1237 1362 indicasse
1268 1296 1360 1362 nulla
1390 1317 1426 1362 re
1457 1299 1694 1383 comprobatur,
1729 1298 1763 1363 id

425 1402 513 1487 quod
536 1425 596 1488 pro
618 1404 726 1470 indole
749 1404 818 1471 eius
841 1403 947 1490 operis
970 1403 1103 1469 minime
1125 1403 1155 1468 ei
1178 1402 1302 1469 crimini
1325 1401 1468 1469 dandum
1490 1410 1550 1474 est.

566 1687 616 1756 II.
640 1704 731 1770 quae
753 1687 850 1754 ratio
873 1683 973 1754 inter
994 1685 1158 1753 Plinium
1182 1687 1220 1754 et
1241 1685 1372 1756 Melam
1396 1686 1610 1756 intercedat.

529 1900 602 1945 cum
638 1899 678 1943 ex
712 1877 858 1942 omnibus
887 1876 1075 1942 auctoribus
1108 1898 1244 1961 qnorum
1277 1879 1409 1944 nomina
1438 1881 1471 1945 in
1502 1881 1661 1948 librorum
1691 1904 1765 1968 gec-

426 1984 655 2070 graphicorum
686 1983 844 2050 indicibus
876 1984 1091 2068 reperiuntur,
1123 2005 1207 2050 unus
1230 1983 1318 2051 Mela
1341 1992 1481 2052 aetatem
1509 1989 1631 2072 tulerit,
1660 1988 1765 2058 abeo

296 2131 300 2138 ·
428 2088 685 2158 commodissime
720 2090 887 2155 exordium
920 2090 1059 2156 ducitur.
1105 2110 1209 2175 neque
1238 2093 1323 2157 enim
1350 2095 1496 2175 quamvis
1526 2096 1621 2160 multi
1652 2092 1694 2162 de
1726 2118 1766 2163 ea

425 2219 461 2264 re
494 2197 717 2282 quaesiverint,
763 2195 903 2263 dilucide
938 2198 1141 2263 enucleatum
1181 2206 1238 2279 est,
1290 2201 1380 2284 quali
1410 2201 1537 2267 vinculo
1567 2203 1764 2270 cohaereant

425 2303 514 2370 Mela
536 2310 570 2369 et
591 2301 728 2369 Plinius.

529 2433 567 2479 ac
598 2413 773 2478 maximam
804 2411 888 2476 inter
922 2431 976 2476 eos
1006 2431 1071 2476 non
1102 2432 1210 2475 rerum
1245 2411 1479 2492 tantummodo,
1513 2433 1626 2479 verum
1661 2414 1759 2479 etiam

426 2519 597 2585 verborum
629 2540 698 2584 esse
725 2516 969 2583 similitudinem
991 2538 1169 2601 numquam
1200 2517 1286 2582 viros
1316 2517 1426 2582 doctos
1456 2517 1550 2601 fugit.
1598 2505 1678 2604 quae
1709 2539 1761 2583 res

425 2647 484 2711 per
506 2626 639 2709 longum
661 2631 787 2710 tempus
811 2624 858 2689 ita
873 2623 1028 2708 explicari
1048 2623 1182 2705 solebat,
1208 2630 1245 2689 ut
1260 2622 1378 2690 Melam
1402 2624 1546 2690 aPlinio
1563 2626 1758 2708 exscriptum

427 2753 496 2798 esse
526 2731 751 2814 statuerent¹).
799 2730 886 2813 qnod
917 2752 1015 2814 quam
1046 2730 1165 2795 falsum
1196 2740 1290 2811 esset,
1323 2733 1447 2816 primus
1479 2729 1646 2798 Gustavus
1680 2731 1761 2796 Oeh-

427 2837 556 2903 michen
578 2837 601 2903 l.
625 2836 647 2903 l.
672 2836 828 2920 cognovit.
874 2834 978 2900 multa
1001 2836 1087 2900 enim
1110 2835 1197 2919 apud
1222 2835 1365 2901 Plinium
1393 2837 1440 2901 ita
1462 2844 1650 2922 comparata
1680 2842 1766 2919 sunt,

429 2950 468 3009 nt
491 2964 531 3013 ne
553 2944 657 3029 possis
681 2942 810 3028 quidem
833 2948 948 3027 putare
972 2962 1011 3007 ea
1034 2962 1074 3005 ex
1089 2941 1177 3007 Mela
1198 2939 1339 3011 fluxisse.
1386 2941 1428 3006 ad
1451 2963 1651 3008 communem
1667 2933 1767 3027 igitur

432 3057 599 3117 auctorem
631 3071 768 3134 eumque
799 3049 936 3115 latinum
968 3049 1195 3115 similitudines
1226 3071 1295 3115 esse
1324 3049 1518 3114 referendas.
1566 3050 1606 3114 de
1638 3049 1700 3115 hac
1730 3069 1768 3114 re

428 3154 574 3220 dubitari
597 3155 711 3239 nequit
733 3154 945 3238 omnibusque
968 3155 1126 3221 hactenus
1149 3154 1287 3240 probata
1303 3163 1352 3220 est
1368 3153 1578 3222 Oehmicheni
1593 3155 1765 3223 sententie.

431 3262 498 3327 alia
519 3282 594 3326 vero
617 3261 764 3344 quaestio
787 3269 837 3327 eet
860 3262 900 3327 de
923 3267 1053 3328 auctore
1077 3263 1143 3328 illo.
1190 3284 1266 3328 nam
1282 3261 1463 3332 Varronem
1491 3283 1586 3346 quem
1611 3262 1665 3327 ille
1688 3262 1770 3326 utri·

431 3390 497 3453 que
533 3368 663 3433 subesse
698 3367 872 3450 contendit,
911 3389 976 3434 non
1013 3390 1108 3455 posse
1145 3370 1187 3435 ab
1220 3370 1266 3434 eis
1297 3370 1417 3453 ubique
1452 3370 1649 3452 exscriptum
1686 3388 1767 3447 esse,

432 3475 604 3541 Schweder
627 3474 804 3539 rectissime
819 3475 968 3557 exposuit
977 3472 1014 3555 ²).
1053 3481 1182 3540 exstant
1201 3476 1286 3541 enim
1307 3473 1465 3560 quaedam
1486 3474 1636 3540 similiter
1658 3472 1769 3539 simili·

430 3580 555 3664 busque
577 3579 685 3645 verbis
713 3575 868 3662 concepta
900 3580 988 3665 apud
1019 3585 1201 3665 utrumque,
1234 3603 1320 3665 quae
1343 3580 1501 3651 Varronis
1528 3587 1636 3646 aetate
1667 3578 1769 3646 scribi

434 3708 499 3753 non
514 3691 675 3771 poterant.
722 3686 832 3771 itaque
857 3684 1124 3771 chorographiam
1156 3687 1291 3754 latinam
1321 3710 1417 3777 quam
1442 3688 1586 3771 Augusti
1613 3688 1769 3752 instinctu

429 3794 642 3878 compositam
673 3812 743 3858 esse
766 3790 940 3857 Schweder
967 3792 1030 3857 sibi
1059 3794 1230 3876 persuasit,
1263 3814 1463 3860 communem
1485 3793 1591 3859 Melae
1615 3793 1769 3876 Plinique

429 3899 553 3965 fontem
576 3920 647 3964 esse
670 3899 802 3965 censuit.
850 3898 901 3963 cui
925 3898 1068 3981 opinioni
1092 3899 1241 3983 equidem
1268 3899 1421 3964 accedere
1447 3920 1512 3963 non
1534 3920 1675 3983 possum.
1721 3904 1770 3964 to-

432 4012 503 4071 tum
527 4006 611 4070 enim
634 4006 961 4089 fundamentumque
978 4003 1169 4070 Schwedero
1191 4006 1430 4089 argumentatio
1452 4005 1577 4086 nititur,
1603 4026 1667 4071 non
1689 4004 1770 4070 satis

431 4110 568 4176 firmiter
591 4112 712 4177 iactum
736 4119 794 4179 est.

536 4216 594 4282 sed
614 4218 756 4301 primum
779 4219 819 4284 de
840 4217 949 4283 indole
972 4218 1047 4283 libri
1070 4216 1286 4302 Pomponiani
1308 4218 1469 4303 quomodo
1492 4216 1700 4283 iudicandum
1724 4215 1769 4281 sit

432 4321 607 4387 videamus.
653 4345 728 4388 nam
762 4323 869 4391 Melae
905 4330 1080 4409 postquam
1111 4330 1251 4389 aetatem
1289 4331 1378 4390 certa
1414 4325 1540 4390 ratione
1576 4342 1675 4407 snpra
1712 4342 1770 4386 ex-

432 4428 638 4514 ploravimus,
672 4428 755 4493 illud
785 4435 888 4495 restat
919 4429 1140 4514 quaerendum
1166 4436 1276 4495 utrum
1303 4431 1373 4514 ipse
1395 4428 1486 4494 illam
1509 4428 1612 4494 Thiae
1642 4427 1768 4493 insulae

431 4534 769 4599 commemorationem
796 4536 836 4600 de
858 4556 917 4601 suo
940 4535 1113 4620 addiderit,
1143 4534 1178 4600 id
1201 4535 1288 4619 quod
1309 4546 1370 4619 pe'r
1391 4554 1426 4598 se
1448 4535 1595 4599 veritatis
1618 4533 1768 4617 quadam

434 4640 540 4726 specie
562 4660 626 4705 non
649 4640 777 4705 omnino
800 4647 899 4719 caret,
924 4663 965 4707 an
988 4642 1103 4707 iamin
1119 4640 1207 4707 ionte
1222 4661 1260 4706 eo
1276 4660 1372 4724 quem
1387 4645 1517 4705 secutus
1533 4627 1582 4705 est
1597 4639 1764 4705 invenerit

434 4779 648 4796 μ

545 4853 567 4924 ¹)
586 4851 621 4907 cl.
648 4852 775 4905 auctores
802 4867 846 4919 ap.
870 4848 1087 4906 Oebmichenum
1110 4850 1143 4906 de
1165 4849 1286 4906 Varrone
1307 4850 1334 4903 ct
1356 4846 1466 4905 Isidoro
1490 4849 1581 4907 Plinii
1601 4849 1772 4909 aocwrs'bssa

435 4942 509 4996 Acta
531 4939 672 4996 societatis
690 4936 844 5008 Lipsiensis
864 4936 912 4992 ΙΙΙ
931 4938 1001 4993 1837
1019 4955 1047 5007 p.
1066 4940 1128 4995 408.

544 5030 566 5103 ²)
585 5029 717 5099 Beterrae
733 5044 785 5085 rar
802 5025 901 5083 Karia
919 5024 967 5081 der
986 5024 1188 5096 Gboroprapbic
1206 5025 1251 5081 des
1269 5025 1415 5097 Augustas
1432 5024 1480 5081 ΙΙΙ
1499 5029 1569 5085 1883
1588 5045 1617 5098 p.
1636 5029 1699 5097 loq.
