4275 6025
1064 734 1129 799 180

427 967 626 1032 quemquam
647 945 812 1012 Arrianus
834 949 919 1027 13,1
943 943 1025 1010 haec
1046 943 1191 1011 exhibet:
1216 937 1496 1021 aspernatorem
1519 942 1611 1030 νῆσον
1638 941 1766 1030 μικράν,

427 1047 536 1136 ὀλίγον
558 1051 727 1133 διέχουσαν
753 1056 812 1138 τῆς
833 1045 978 1138 ἠπείρου.
1024 1049 1084 1116 sed
1108 1061 1209 1114 aonma
1231 1050 1442 1115 Pharnaceam
1467 1049 1648 1129 Clsalacritis,
1672 1072 1767 1136 quam

432 1157 544 1224 Graeci
579 1159 692 1224 Asiam
737 1159 881 1223 aarum
916 1158 1070 1244 Martique
1112 1179 1231 1222 sacram
1275 1179 1343 1242 eqs.
1391 1157 1594 1242 apertissime
1635 1162 1767 1242 praeter

428 1266 606 1351 periegeaiu
628 1264 683 1352 (ct
700 1264 789 1330 Mela
811 1265 916 1350 298)
936 1262 1067 1332 aliunde
1090 1271 1188 1329 ancta
1210 1271 1296 1332 suut.
1341 1286 1416 1330 nam
1439 1285 1498 1348 pro
1517 1263 1711 1328 Pharnacea
1729 1262 1764 1328 in

428 1392 468 1437 ea
490 1376 540 1437 eat
561 1368 711 1436 Gerasus
756 1369 799 1437 ol,
821 1369 902 1436 Arr.
926 1371 1015 1450 tet
1036 1365 1166 1434 ἐνθένδε
1189 1370 1224 1456 (a
1244 1368 1439 1452 Pharnacis)
1462 1367 1495 1448 ἐς
1517 1367 1573 1456 τὴν
1597 1363 1767 1455 laomedon

428 1483 519 1565 νῆσον
540 1474 722 1563 τριάκοντα.
769 1477 880 1545 Anou.
904 1479 948 1548 36
970 1498 1003 1562 p.
1026 1479 1093 1545 410
1115 1471 1184 1542 alred
1208 1474 1243 1540 δὲ
1267 1481 1444 1560 Φαρνακίας
1461 1474 1508 1555 εἰς
1528 1475 1583 1563 τὴν
1595 1472 1767 1562 Ἀρητιάδα

427 1583 524 1671 νῆσον
547 1633 555 1649 .
575 1630 584 1648 .
607 1634 615 1651 .
637 1580 752 1649 στάδια
783 1581 813 1648 λ’
922 1578 1006 1668 aila-o
1038 1577 1060 1668 ἡ
1089 1577 1239 1668 Ἀρητιδς
1274 1587 1364 1668 νῆσος
1394 1581 1523 1667 λέγεται
1548 1578 1661 1669 Ἄρεως
1693 1578 1766 1669 ἤτοι

427 1686 624 1777 mammam.
678 1710 738 1756 nea
774 1689 879 1754 minus
920 1693 1034 1772 aperte
1075 1686 1279 1772 significetur
1318 1687 1526 1754 ltinerarium
1564 1694 1595 1769 4,
1609 1691 1652 1758 93
1690 1687 1767 1750 tam

428 1795 644 1883 (Achilleaml
672 1807 839 1884 temporum
868 1795 975 1860 lorum
1003 1796 1214 1860 demonstratio
1241 1818 1262 1857 a
1284 1794 1470 1880 Borysthene
1492 1784 1590 1860 'CX‘Z
1614 1796 1712 1881 pom't,
1744 1817 1767 1858 a

433 1905 517 1990 Tyra
539 1893 647 1980 CXX,
670 1925 690 1966 a
713 1904 810 1968 Pence
829 1903 930 1966 iasnla
947 1891 993 1984 ἶ,
1016 1899 1146 1983 oiapilnr
1166 1900 1280 1965 circitor
1301 1893 1345 1965 ‘X‘
1357 1924 1392 1987 p.
1438 1924 1513 1967 nam
1539 1903 1641 1968 totius
1667 1901 1767 1967 Ponti

427 2019 507 2077 tuno
529 2009 835 2076 dimensurationem
854 2007 977 2074 factum
992 2027 1062 2073 esse
1078 2007 1214 2072 Arriani
1229 2007 1354 2092 periplo
1370 2008 1563 2086 ostenditur,
1586 2009 1644 2092 qui
1658 2013 1766 2074 totum

428 2115 541 2197 ambit,
564 2134 763 2199 quamquam
785 2114 849 2179 iter
869 2113 976 2197 ipsum
999 2133 1040 2178 ex
1061 2119 1155 2196 parte
1179 2120 1307 2178 tautum
1332 2113 1408 2180 fecit
1417 2114 1453 2196 ¹).

540 2229 671 2307 praeter
701 2241 742 2286 ea
770 2239 845 2286 vero
875 2240 960 2303 quae
991 2240 1091 2302 supra
1118 2241 1148 2303 p⁴
1177 2223 1240 2288 174
1263 2218 1390 2287 Isidoro
1422 2220 1662 2298 vindicavimus,
1690 2239 1766 2286 eum

428 2327 611 2396 adhibitum
633 2346 703 2392 esse
725 2323 816 2391 nullo
838 2323 956 2390 iudicio
978 2324 1220 2409 comprobatur.
1265 2324 1299 2390 id
1320 2325 1407 2410 quod
1424 2327 1554 2392 minime
1570 2326 1688 2390 mirum
1703 2331 1762 2392 est.

428 2436 512 2503 solet
548 2435 633 2500 enim
664 2432 801 2508 Plinius,
833 2430 892 2497 ubi
922 2431 1095 2515 ampliores
1126 2430 1230 2498 lantes
1261 2441 1392 2516 praesto
1422 2441 1508 2508 sunt
1538 2431 1590 2498 vel
1617 2430 1765 2498 meliores

428 2562 589 2628 spernere,
605 2541 689 2606 daut
703 2535 744 2604 de
759 2536 869 2617 Creta,
884 2537 926 2604 de
941 2537 1107 2623 Aegypto,
1123 2538 1202 2603 alibi
1218 2560 1236 2603 e
1251 2538 1374 2604 tabulis
1388 2539 1542 2604 censoriis
1557 2537 1604 2603 uil
1618 2536 1764 2624 protulit.

429 2656 463 2714 et
485 2648 559 2731 quis
581 2647 721 2731 scriptor
742 2649 793 2710 tot
815 2645 947 2710 nomina
968 2644 1208 2728 suppeditasset
1230 2666 1328 2728 quam
1354 2642 1581 2710 ltinerarium?

540 2755 598 2820 sed
626 2751 826 2820 redeundum
854 2757 904 2816 est
934 2751 978 2816 ad
1001 2750 1227 2835 Cappadociae
1258 2753 1517 2835 descriptionem,
1549 2772 1649 2835 quam
1681 2753 1766 2818 sicut

427 2883 488 2929 nos
510 2882 609 2946 supra
631 2858 816 2938 exemimus,
833 2858 882 2922 ita
897 2856 1024 2922 Plinius
1040 2865 1133 2922 extra
1149 2859 1328 2942 periegesin
1343 2859 1512 2923 collocavit
1526 2857 1608 2923 adeo
1624 2857 1764 2941 abrupte

428 2976 466 3036 ut
496 2989 538 3036 ue
568 2966 781 3052 grammatica
806 2965 938 3050 quidem
959 2966 1086 3032 ratione
1107 2987 1181 3032 cnm
1204 2987 1243 3032 ea
1266 2966 1333 3033 ullo
1356 2967 1449 3033 modo
1472 2987 1594 3033 conexa
1615 2967 1666 3033 sit.
1712 2967 1765 3035 vel

427 3076 503 3141 inde
525 3074 582 3140 alii
604 3073 689 3138 hana
710 3072 860 3156 scriptori
874 3070 988 3137 deberi
1003 3071 1260 3138 concludendum
1276 3079 1334 3139 est.
1367 3072 1424 3139 sed
1440 3081 1568 3139 exstant
1582 3073 1764 3139 certissima

428 3185 630 3264 argumenta.
684 3200 761 3244 nam
792 3176 869 3241 Zela
904 3178 1057 3262 oppidum
1094 3186 1159 3249 08
1190 3182 1223 3245 in
1254 3180 1463 3264 Cappadocia
1495 3187 1766 3247 commemoratur

427 3287 578 3369 idemque
600 3288 631 3364 e,
647 3290 689 3354 10
710 3287 744 3351 in
767 3286 926 3369 periegesi
948 3293 999 3351 est
1014 3285 1102 3349 Ziela
1110 3286 1148 3371 ⁹).
1195 3287 1323 3354 Plinius
1345 3296 1454 3354 autem
1477 3290 1542 3355 sive
1557 3288 1765 3373 neglegentia

427 3392 560 3477 repetiit
582 3392 650 3457 sive
671 3390 734 3457 levi
753 3391 811 3457 illa
826 3392 964 3457 nominis
979 3391 1164 3459 differentia
1179 3395 1330 3479 deceptus
1346 3403 1405 3461 est.
1437 3395 1553 3461 deinde
1568 3395 1764 3481 Mapnapolis

429 3501 495 3576 6,8
528 3497 615 3563 idem
648 3497 802 3582 oppidum
835 3508 886 3564 est
915 3500 1002 3582 quod
1031 3501 1096 3566 iam
1129 3504 1192 3573 6.l
1225 3503 1409 3567 absolutum
1442 3509 1492 3567 est
1522 3502 1622 3568 hisae:
1656 3503 1765 3567 Amiso

427 3604 562 3667 landum
575 3603 640 3689 sutt
661 3605 808 3690 oppedam
829 3604 1004 3690 Eupatoria
1026 3628 1046 3668 a
1068 3605 1247 3671 Mithridate
1268 3610 1429 3682 conditam,
1460 3610 1532 3671 clato
1553 3630 1586 3673 eo
1606 3619 1766 3693 meamque

427 3710 651 3797 Pompeiopolis
678 3710 867 3797 appellatam
901 3722 952 3779 eat.
1005 3720 1075 3778 tum
1105 3712 1209 3778 Saline
1240 3718 1305 3791 00
1336 3717 1420 3781 idem
1451 3713 1568 3781 fluvius
1594 3722 1766 3800 astatque

428 3817 523 3883 Sarae
544 3821 642 3897 l),92,
665 3838 705 3883 aa
727 3819 755 3882 ei
778 3817 983 3902 Stephanum
1007 3842 1032 3886 s
1054 3841 1084 3884 v.
1103 3817 1224 3886 ’Ἀδανα
1247 3822 1403 3899 audimus,
1429 3824 1584 3907 Κοίρανος
1599 3820 1765 3907 (Caesarem

429 3927 459 4002 6,
473 3926 510 4009 9)
539 3924 609 4008 ipse
638 3944 768 4007 quoque
790 3944 851 4008 pro
874 3924 955 3991 Sara
978 3932 1035 3994 est
1082 3926 1139 3991 sed
1163 3927 1299 3992 fortasse
1321 3926 1487 3994 Coeranus
1509 3928 1542 3992 in
1567 3927 1691 3994 Salium
1714 3928 1765 3993 in·

428 4032 511 4099 fluit.
564 4053 640 4097 uam
671 4054 743 4097 eum
775 4054 839 4098 non
869 4034 974 4118 ipsum
1003 4034 1046 4099 ad
1068 4056 1157 4100 mare
1180 4037 1346 4118 pervenire
1369 4037 1454 4102 inest
1476 4036 1508 4099 iu
1531 4033 1651 4099 verbis:
1674 4043 1716 4097 aet
1737 4043 1766 4096 et

429 4137 581 4203 Οοοναννω
608 4140 706 4201 intas
733 4138 842 4203 dana.
895 4140 962 4204 iam
984 4139 1163 4207 castabala
1185 4148 1230 4222 (e,
1243 4144 1279 4226 8)
1312 4142 1354 4207 ab
1384 4142 1504 4227 oppido
1528 4138 1644 4207 cilicio
1673 4139 1764 4205 cuius

429 4245 550 4309 mentio
573 4251 624 4308 est
645 4241 733 4309 facta
749 4250 780 4323 ir,
794 4249 848 4323 93,
871 4265 935 4310 nou
958 4246 1094 4321 diversa,
1119 4267 1178 4312 uec
1195 4246 1409 4313 Diocaesarea
1424 4252 1469 4331 (6,
1483 4252 1519 4325 8)
1535 4247 1578 4313 ab
1593 4246 1765 4341 Anazarbp

429 4352 460 4431 5,
473 4351 526 4418 90.
573 4348 657 4414 adde
680 4348 767 4431 quod
790 4352 937 4433 proxime
953 4351 1017 4416 sita
1033 4360 1108 4416 suut
1123 4349 1299 4417 Castabala
1314 4360 1348 4418 et
1363 4352 1587 4445 Diocaesarea.
1625 4352 1765 4419 Amasis

429 4474 559 4537 quoque
580 4456 719 4519 iteratur
742 4459 807 4534 li,8
830 4466 864 4519 et
886 4456 984 4533 6,Ιο
1030 4458 1169 4540 denique
1185 4456 1344 4525 cataonia
1365 4460 1399 4523 in
1419 4458 1574 4542 periegesi
1589 4459 1763 4524 admodum

538 4666 560 4734 ι)
578 4664 665 4719 nolim
687 4666 816 4722 omittere
840 4684 922 4721 uuam
947 4667 1022 4723 illius
1046 4669 1188 4724 itinerarii
1211 4670 1425 4739 proprietatem:
1453 4669 1568 4724 castelle
1595 4673 1707 4738 praeter
1733 4670 1764 4728 id

427 4771 492 4809 raro
515 4754 613 4808 saltem
637 4760 894 4819 commemorantur,
914 4758 964 4811 sed
981 4757 1043 4827 plue
1062 4776 1117 4813 uno
1137 4761 1197 4812 loeo
1216 4759 1354 4813 consentit
1372 4758 1399 4811 in
1418 4758 1471 4812 hac
1493 4774 1524 4813 re
1542 4757 1688 4812 Arrianus.
1725 4758 1763 4814 oi.

429 4844 454 4911 6,
464 4845 498 4898 11
512 4842 634 4914 lllpolie
643 4843 790 4899 cmlalam
810 4846 878 4915 6,12
886 4846 992 4916 flamen
1001 4847 1155 4903 Absarrum
1169 4865 1230 4903 oum
1239 4848 1347 4903 castella
1356 4846 1517 4917 aopnomirm.
1543 4848 1570 4911 6,
1582 4846 1764 4903 irratam

429 4931 618 5002 Sebastopolis.
664 4932 733 4986 haee
760 4934 790 4987 iu
813 4934 961 4991 itinerario
984 4936 1116 4990 advitae
1140 4953 1218 4990 usum
1242 4936 1395 5005 composito
1418 4937 1522 5005 optime
1545 4934 1636 4989 locum
1660 4935 1763 4992 hebere

427 5022 604 5077 concesseris.

539 5111 562 5182 ²)
580 5111 635 5165 hoc
653 5128 687 5165 ex
705 5109 854 5165 Itinerario
872 5116 1012 5179 sumptum
1030 5128 1089 5167 esse
1108 5112 1213 5181 nequit,
1231 5116 1327 5181 utpote
1344 5109 1419 5166 intus
1438 5111 1530 5167 situm.
