4275 6025
1014 741 1078 805 113

372 950 491 1017 saltem
521 950 671 1017 umbram
701 951 894 1017 invenimus:
925 951 1108 1017 latitudinis
1138 950 1259 1035 triplex
1280 956 1387 1017 exstet
1409 954 1440 1032 3,
1457 956 1511 1021 44.
1556 951 1610 1018 hic
1633 952 1710 1037 quin

375 1059 481 1142 prims
502 1058 670 1143 Agrippes
693 1059 744 1140 sit,
768 1079 832 1124 non
854 1062 962 1143 potest
984 1057 1140 1128 dubitari.
1177 1055 1278 1124 Arsia
1301 1060 1387 1123 enim
1409 1057 1508 1125 fluvio
1523 1058 1625 1126 Italis
1646 1065 1711 1125 ter·

375 1164 528 1229 minatur.
552 1162 676 1229 accedit
691 1163 778 1247 qnod
793 1164 920 1229 numeri
932 1164 1104 1229 Divisionis
1120 1169 1153 1228 et
1164 1162 1460 1231 Dimeusuratiouis
1471 1165 1559 1231 haud
1573 1165 1711 1231 multum

372 1270 496 1336 absunt
529 1269 572 1336 ab
606 1290 643 1337 eo
677 1272 734 1355 qui
767 1270 855 1355 apud
890 1252 1030 1334 Plinium
1064 1269 1201 1354 legitur:
1236 1261 1380 1334 Um
1412 1270 1499 1338 Plin.
1531 1262 1713 1337 tvvm

375 1375 450 1445 Div.
474 1368 669 1443 'eccm
686 1376 832 1446 Dimens.
841 1376 866 1461 1)
897 1396 964 1459 que
986 1375 1027 1441 de
1049 1396 1085 1442 re
1107 1376 1229 1458 ambigi
1243 1378 1367 1460 nequit.
1385 1378 1419 1443 in
1434 1378 1618 1444 universum
1633 1400 1711 1446 sane

375 1504 443 1548 una
469 1489 508 1549 ut
536 1484 747 1568 longitudinis
778 1484 825 1549 ita
857 1482 1040 1549 latitudinis
1067 1504 1219 1549 mensura
1249 1490 1420 1550 contentus
1451 1489 1522 1550 erat
1545 1484 1709 1571 Agrippa.

374 1592 409 1656 in
432 1590 531 1657 Italis
553 1598 663 1658 autem
685 1597 779 1657 tante
800 1591 991 1675 praesertim
1015 1589 1202 1656 diversitate
1224 1589 1410 1656 latitudinis
1432 1591 1507 1674 plus
1522 1613 1618 1657 uuam
1636 1612 1710 1658 eum

373 1698 519 1782 posuisse
552 1697 646 1764 facile
680 1698 889 1782 intellegitur.
942 1702 1070 1763 restant
1104 1698 1189 1762 enim
1223 1696 1306 1763 duae
1340 1719 1510 1764 mensurae
1545 1720 1630 1783 quae
1666 1698 1709 1765 ad

373 1804 514 1870 medium
536 1803 670 1871 Italiam
693 1806 866 1889 portinent,
891 1804 1031 1871 maxime
1053 1804 1130 1870 illae
1152 1805 1283 1888 quidem
1306 1806 1440 1889 vicinae,
1465 1806 1596 1873 minime
1615 1806 1711 1872 dissi-

372 1911 476 1979 miles.
515 1912 620 1978 ultera
644 1912 771 1978 orditur
793 1912 835 1978 ab
859 1913 940 1978 ostio
957 1910 1078 1977 Aterni
1093 1914 1207 1993 amnis,
1224 1912 1331 1997 tangit
1345 1911 1413 1978 fere
1428 1912 1541 1979 urbem
1558 1912 1708 1992 Romam,

373 2021 457 2102 petit
479 2020 562 2085 ostia
584 2017 749 2085 Tiberine:
778 2008 976 2092 CXWVJ]
997 2018 1102 2084 albere
1123 2018 1220 2103 paulo
1244 2019 1349 2085 minor
1371 2024 1421 2084 ost
1443 2017 1598 2087 acastro
1613 2020 1709 2087 Novo

370 2122 559 2189 'Hadriatici
581 2124 679 2189 maris
703 2124 835 2191 Alsium
858 2122 900 2188 ad
923 2122 1064 2189 Tuscum
1086 2145 1219 2208 aequor.
1255 2124 1464 2191 Dotlefsenus
1488 2133 1597 2193 autem
1621 2126 1718 2210 quod⁴

373 2252 405 2314 p.
430 2235 450 2299 b
474 2228 516 2295 ad
538 2231 705 2313 angustias
728 2229 936 2314 paeninsulae
958 2229 1032 2295 illes
1056 2251 1225 2297 mensuras
1240 2233 1404 2316 pertinere
1424 2231 1599 2311 contendit,
1615 2232 1708 2298 vehe-

373 2338 499 2400 menter
532 2339 629 2401 errat.
692 2334 804 2400 multis
839 2335 924 2400 euim
959 2333 1036 2400 locis
1069 2336 1238 2419 angustior
1270 2336 1428 2402 mensure
1459 2338 1533 2403 duci
1567 2339 1707 2421 poterat.

373 2461 478 2525 neque
500 2440 569 2509 ulla
590 2461 626 2505 rs
649 2446 822 2525 propterea
852 2440 911 2507 illa
932 2442 1004 2507 loca
1026 2456 1095 2506 esse
1118 2440 1223 2506 electa
1244 2441 1422 2508 indicatum
1446 2440 1506 2509 est.
1540 2443 1606 2509 iam
1629 2464 1707 2510 vero

369 2570 433 2614 cur
462 2548 507 2613 ibi
537 2549 739 2633 potissimum
771 2568 936 2614 mensuras
966 2548 1119 2614 duxerint
1148 2549 1176 2613 si
1205 2550 1400 2633 quaerimus,
1429 2550 1535 2615 altera
1557 2568 1708 2616 mensura

370 2653 511 2720 Romam
545 2659 644 2739 caput
679 2653 797 2721 Italiae
830 2661 930 2738 atquo
966 2654 1095 2739 imperii
1127 2656 1219 2739 tangi
1252 2660 1399 2739 apparet.
1457 2655 1600 2736 accedit.
1620 2658 1708 2741 quod

371 2761 540 2845 regionum
582 2760 663 2827 fines
705 2762 791 2827 inter
828 2782 862 2827 se
900 2761 1147 2844 coniunguntur,
1184 2759 1312 2826 Tiberis
1349 2762 1540 2828 ostiumst
1574 2763 1704 2829 Aterni.

368 2888 570 2951 quamquam
601 2867 664 2934 hoc
690 2886 754 2934 non
784 2869 967 2953 presserim.
1013 2888 1089 2932 nam
1112 2888 1177 2952 quo
1199 2867 1344 2952 tempore
1366 2869 1514 2951 regiones
1536 2869 1707 2940 institutae

369 2976 437 3041 sint
459 2996 524 3042 non
546 2974 708 3061 scimus2).
755 2976 837 3042 hanc
867 2976 967 3061 igitur
989 2974 1159 3060 Agrippae
1180 2974 1365 3041 mensuram
1389 2996 1458 3042 esse
1480 2975 1707 3045 vindicandam

370 3103 430 3166 per
452 3103 486 3148 se
508 3081 677 3166 probabile
701 3089 760 3149 cst.
785 3081 883 3167 quid?
914 3081 1343 3150 Dimens.14nonnelinee
1364 3103 1424 3168 per
1439 3082 1553 3149 urbem
1568 3083 1707 3149 Romam

368 3188 469 3254 (luctu
506 3189 624 3256 Italiae
665 3195 775 3274 partes
815 3186 1045 3273 segregantur?
1090 3209 1130 3254 ac
1158 3187 1298 3254 latitudo
1328 3189 1462 3256 alterius
1494 3191 1598 3274 partis
1629 3190 1707 3257 licet

371 3317 524 3362 numerus
553 3297 671 3362 misere
701 3302 871 3382 corruptus
902 3296 953 3374 sit,
984 3299 1096 3361 tamen
1123 3316 1145 3360 a
1170 3284 1375 3364 (ἻῙΧΪΧἮ
1394 3317 1458 3362 uon
1480 3296 1576 3380 plane
1599 3297 1707 3364 aliena

367 3409 434 3468 est:
461 3393 668 3470 CCXXJJJJ.
700 3402 878 3469 sedectam
894 3424 962 3468 rem
976 3422 1046 3468 esse
1062 3403 1265 3483 concesseris,
1283 3401 1339 3468 ubi
1355 3423 1420 3488 quo
1436 3403 1542 3470 altera
1556 3424 1708 3470 mensure

368 3515 503 3594 spectet,
527 3510 770 3595 comprobatum
793 3511 866 3580 erit.
891 3530 930 3574 ea
951 3514 1060 3574 eutem
1084 3514 1153 3574 tam
1169 3509 1274 3575 vicina
1297 3515 1346 3574 est
1369 3515 1500 3594 mmque
1521 3509 1644 3582 similis.
1669 3516 1707 3576 ut

366 3615 413 3682 ad
436 3615 573 3683 eundem
605 3623 770 3683 auctorem
801 3615 917 3682 referri
946 3621 1097 3699 nequest.
1143 3636 1248 3700 neque
1279 3617 1364 3681 enim
1394 3617 1478 3682 ratio
1501 3617 1705 3701 perspicitur,

365 3741 427 3788 cur
457 3744 539 3788 unus
562 3722 612 3788 bis
635 3723 721 3789 idem
744 3722 812 3789 fere
835 3723 964 3788 dixerit.
1011 3722 1067 3787 sed
1091 3721 1148 3786 ubi
1170 3721 1290 3787 lineam
1314 3720 1432 3788 (lustro
1455 3720 1550 3787 Novo
1572 3721 1704 3788 Alsium

368 3829 582 3914 perducimus,
600 3851 638 3896 ea
652 3830 758 3896 lacum
771 3829 912 3896 Cutiliae
926 3830 974 3894 its
989 3829 1080 3912 tangi
1091 3828 1308 3911 cognoscitur,
1320 3833 1358 3893 ut
1370 3827 1412 3893 ad
1425 3833 1601 3910 utrumque
1614 3848 1704 3893 mare

365 3957 507 4022 aequum
523 3938 566 4002 sit
580 3937 730 4022 spatium.
747 3957 820 4001 eum
836 3941 943 4002 autem
962 3935 1150 4000 umbilicum
1158 3933 1183 4018 ⁸)
1200 3933 1320 4002 Italiac
1333 3933 1441 4001 Varro
1458 3940 1567 3999 censet
1582 3936 1704 4015 3,109.

367 4043 443 4109 huic
473 4043 573 4128 igitur
602 4043 739 4109 alteram
762 4063 944 4108 mensuram
968 4039 1177 4108 tribuendam
1200 4061 1270 4106 osse
1292 4039 1354 4106 tibi
1376 4039 1471 4106 facile
1492 4041 1706 4124 persuasoris.
1837 4129 1843 4133 .

366 4151 492 4218 accedit
523 4149 611 4234 quod
633 4148 774 4214 Tuscum
804 4169 927 4233 aequor
950 4147 1134 4216 Varronem
1164 4147 1297 4229 iudicat,
1329 4144 1468 4212 inferum
1496 4151 1529 4211 et
1551 4167 1704 4231 superum

362 4259 400 4324 in
423 4257 528 4324 altera
549 4277 701 4322 mensura
717 4255 901 4341 Agrippam
908 4253 946 4340 ⁴).
977 4275 1056 4320 sane
1077 4273 1214 4339 sequens
1228 4275 1380 4319 mensura
1397 4253 1560 4337 adipeam
1575 4258 1704 4320 tantum

476 4506 496 4574 ¹)
516 4504 607 4560 Dicuil
626 4505 699 4574 1,1o
715 4493 851 4576 UU'OUX,
870 4506 968 4557 contre
986 4503 1042 4572 1‚s
1059 4493 1224 4559 ῧθῧῧῖῗ,

475 4593 499 4664 ¹)
518 4611 685 4663 quamquam
703 4610 753 4648 cur
770 4593 872 4648 Aterni
891 4592 994 4646 ostium
1012 4591 1133 4646 electum
1150 4591 1195 4662 sit,
1213 4591 1297 4646 uliam
1315 4589 1450 4646 rationem
1466 4603 1523 4642 non
1539 4587 1630 4655 video,
1649 4587 1704 4642 nisi

362 4681 441 4752 quod
459 4698 492 4736 eo
510 4683 638 4752 regiones
657 4682 929 4737 disterminabuntur.

476 4771 499 4841 ⁸)
517 4771 552 4824 de
570 4771 683 4826 notione
700 4771 824 4825 umbilici
842 4769 878 4828 cl.
897 4771 975 4827 serv.
994 4771 1066 4826 Aen.
1085 4771 1112 4837 7,
1124 4771 1177 4826 563
1195 4767 1333 4824 mum
1345 4784 1412 4825 enne
1429 4765 1578 4823 Varronem
1594 4783 1702 4822 mumo-

361 4877 429 4916 rarc
446 4864 512 4930 quot
530 4860 637 4916 loccis
654 4858 739 4916 ltalia
756 4860 814 4916 sint
832 4859 997 4917 huiusmodi.
1033 4857 1117 4914 Pane.
1136 4858 1249 4926 2,13,7
1268 4857 1304 4912 de
1321 4855 1460 4927 Omphslo
1488 4855 1593 4926 oppido
1621 4853 1702 4909 Pelo·

366 4949 489 5028 popnssi.
526 4966 561 5003 ex
582 4948 626 5002 his
648 4949 716 5004 locis
739 4949 908 5020 perspicitur
930 4947 1078 5002 umbilicos
1095 4947 1185 5002 dictos
1203 4962 1265 5002 esse
1282 4946 1346 5002 locs
1364 4945 1427 5016 peri
1445 4944 1537 5014 spatio
1558 4943 1702 4998 sduobus

362 5036 490 5092 muribus
508 5035 648 5092 distantia.

473 5125 495 5197 ⁴)
514 5125 550 5181 cf.
569 5124 778 5193 Oehmichenus‚
797 5123 872 5182 Plio.
892 5122 971 5181 uua.
990 5122 1061 5181 1880
1079 5138 1108 5192 p.
1126 5123 1171 5178 45.
1584 5185 1589 5193 ,

418 5222 803 5278 κιοει,οωιῖοιοιειῖῖιωη.
1507 5207 1525 5264 8
