4275 6025
946 645 1156 744 A„

384 854 534 920 Africam
556 855 659 921 multo
682 857 785 940 magis
807 855 945 921 vicinam
974 854 1094 920 Italiae
1117 855 1180 921 sihi
1203 854 1307 938 finxit,
1331 877 1429 940 quam
1451 861 1489 923 ut
1520 877 1541 922 a
1563 854 1720 941 Lilybaeo

384 952 563 1027 ofiffi
574 967 778 1046 computaret
793 983 894 1046 usque
910 962 952 1027 ad
966 961 1109 1028 Mercuri
1123 962 1392 1045 promunturium.
1425 962 1595 1047 Agrippae
1610 967 1719 1030 autem

384 1090 449 1134 non
473 1070 541 1134 sine
564 1067 794 1152 probabilitate
818 1068 878 1133 bae
901 1087 1068 1133 mensurae
1091 1065 1329 1135 adscribuntur.
1375 1068 1442 1133 iam
1465 1069 1670 1136 desideratur
1683 1070 1719 1136 in

384 1195 423 1240 ea
447 1175 687 1240 enumeratione
710 1172 826 1240 Italiae
849 1195 870 1238 a
892 1171 1010 1239 Peloro
1032 1171 1240 1239 intervallum
1263 1171 1350 1256 quod
1370 1173 1551 1259 Agrippam
1573 1176 1719 1260 posuisse

382 1283 499 1365 utique
521 1281 694 1347 verisimile
718 1287 776 1348 est.
823 1279 910 1365 quod
933 1281 1073 1364 spatium
1096 1278 1182 1346 Plin.
1207 1283 1238 1362 3,
1251 1283 1293 1349 86
1318 1279 1462 1348 exbibet:
1485 1306 1555 1346 moa
1576 1283 1718 1362 interfuso

383 1390 465 1451 mari
487 1389 589 1451 ababa
611 1375 688 1450 XV
702 1389 735 1450 in
758 1388 971 1470 longitudinem
985 1385 1076 1472 freto,
1100 1386 1133 1448 ιἰι
1157 1386 1344 1450 &lindissem
1367 1398 1464 1450 auum
1489 1388 1562 1452 MD
1582 1414 1612 1476 p.
1630 1392 1718 1454 irrata

384 1495 559 1560 Columnam
574 1497 712 1580 Regiam.
748 1517 788 1561 ne
811 1495 873 1561 bae
888 1495 1016 1580 quidem
1033 1515 1203 1561 mensurae
1218 1494 1308 1578 apud
1322 1494 1444 1560 Melam
1457 1495 1621 1577 leguntur.
1660 1497 1718 1563 sed

381 1603 469 1669 haud
492 1605 556 1670 scio
579 1625 622 1670 an
644 1607 678 1670 in
704 1605 770 1669 illis
794 1603 900 1669 verbis
930 1609 1019 1669 recte
1048 1603 1129 1668 mibi
1158 1622 1298 1668 conexus
1328 1602 1509 1687 displiceat.
1555 1625 1631 1669 nam
1661 1604 1718 1670 ubi

381 1719 469 1777 terra
506 1712 666 1792 avellitur,
709 1713 850 1797 primum
888 1711 1002 1794 quaeri
1042 1710 1182 1790 uidetur,
1226 1733 1290 1776 non
1328 1732 1425 1795 quarn
1463 1710 1560 1794 longo
1597 1715 1715 1790 tractu,

380 1819 438 1884 sed
475 1841 573 1904 quam
611 1820 679 1885 lato
717 1818 810 1884 hiatu
849 1818 968 1884 fretum
1006 1817 1129 1884 factum
1167 1818 1219 1883 sit.
1278 1819 1305 1883 si
1339 1818 1476 1883 invicem
1509 1838 1564 1883 res
1596 1818 1715 1902 agitur,

380 1946 478 1990 causa
515 1924 703 2008 quaerenda
741 1930 800 1992 est.
856 1923 1026 2007 Agrippae
1063 1930 1172 1988 autem
1208 1924 1376 2008 proprium
1415 1922 1463 1988 est
1501 1923 1609 2007 priore
1645 1923 1717 1989 loco

380 2029 614 2112 longitudinem
648 2031 802 2112 indicare,
838 2035 993 2113 sequente
1022 2027 1240 2112 latitudinem,
1273 2029 1309 2095 id
1341 2029 1428 2114 quod
1460 2050 1501 2094 ex
1532 2030 1599 2095 eius
1629 2028 1716 2113 frag·

381 2137 497 2201 mentis
526 2159 585 2202 neo
614 2158 679 2202 non
709 2158 750 2201 ex
780 2136 948 2201 Divisione
979 2133 1066 2201 orbis
1096 2142 1130 2201 et
1159 2134 1445 2203 Dimensuratione
1477 2136 1716 2220 provinciarum

380 2241 558 2305 certissime
597 2247 743 2325 apparet.
800 2262 885 2326 quae
918 2263 991 2307 cum
1025 2242 1073 2306 ita
1106 2242 1180 2323 sint,
1219 2241 1299 2307 haec
1337 2263 1463 2326 quoque
1500 2241 1612 2308 addita
1646 2262 1716 2308 esse

380 2345 532 2412 cernitur.

488 2457 668 2536 sequnntur
691 2452 779 2536 apud
798 2452 940 2518 Plinium
963 2451 1056 2518 haee:
1080 2454 1158 2516 iuter
1179 2473 1210 2514 se
1232 2463 1332 2516 autem
1354 2453 1426 2516 Ιιαια
1442 2455 1659 2538 promunturia
1681 2477 1717 2520 ae

377 2559 472 2623 latera
495 2561 607 2622 damet
629 2559 675 2622 Ιιὶι
698 2561 804 2646 spatiis
827 2581 893 2643 eqs.
940 2558 1059 2643 quibus
1082 2558 1116 2625 in
1139 2558 1245 2624 verbis
1267 2559 1351 2624 duee
1378 2579 1431 2624 res
1463 2559 1714 2627 confunduntur.

376 2687 452 2731 narn
486 2672 600 2731 contra
631 2665 789 2731 rationem
820 2666 909 2731 dicta
940 2670 1017 2730 sunt
1047 2665 1153 2729 latera
1182 2665 1268 2730 inter
1290 2684 1324 2730 se
1347 2665 1478 2733 distare.
1524 2666 1634 2751 itaque
1657 2673 1715 2733 aut

377 2772 603 2854 promunturia
613 2770 733 2838 distare
746 2772 919 2838 dicendum
931 2771 1002 2852 fuit,
1015 2777 1074 2837 ant
1084 2771 1224 2836 laterum
1235 2772 1403 2856 longitudo
1414 2773 1713 2841 circumscribendo.

376 2879 586 2961 quamobrem
610 2878 746 2944 duorum
774 2885 944 2944 auctorum
970 2878 1107 2960 vestigia
1135 2876 1306 2943 manifesto
1336 2883 1494 2948 tenemus.
1540 2900 1623 2964 quae
1655 2881 1714 2947 ob·

376 2987 516 3052 servatio
539 3007 560 3051 a
581 2986 692 3071 lingua
722 2986 869 3072 prolecta
899 2986 977 3073 ipsis
1007 2985 1106 3053 rebus
1136 2986 1263 3072 egregie
1293 2974 1511 3054 confirmatur.
1567 3008 1643 3053 nam
1673 2986 1714 3055 de

375 3092 482 3158 tribus
505 3094 662 3160 lateribus
685 3094 747 3161 duo
771 3096 902 3180 quidem
925 3118 943 3160 e
966 3094 1201 3180 chorograpbia
1223 3094 1394 3163 Strabonis
1415 3095 1446 3161 h.
1462 3117 1490 3162 e.
1506 3116 1547 3160 ex
1562 3095 1714 3181 Agrippa

375 3201 479 3285 petita
502 3208 588 3284 sunt,
611 3203 744 3268 tertium
768 3202 894 3269 axelio
927 3202 1017 3268 fonte
1047 3201 1220 3286 adiectum,
1252 3203 1335 3268 sicut
1357 3201 1550 3269 Partscbins
1559 3201 1587 3288 1)
1618 3209 1713 3269 acute

376 3306 554 3378 adnotavit.
603 3308 700 3392 paulo
731 3308 859 3393 longius
888 3307 942 3375 hic
972 3307 1068 3374 liceat
1102 3308 1232 3391 evagari
1266 3314 1304 3373 nt
1337 3330 1406 3374 rem
1428 3308 1613 3374 incohatam
1647 3330 1714 3392 qua

373 3418 487 3498 postea
510 3413 603 3479 nobis
626 3436 707 3497 opus
731 3420 789 3496 est,
818 3414 980 3481 adfinem
1009 3413 1233 3498 perducamus.
1280 3412 1401 3481 Strabo
1410 3411 1437 3499 ²)
1468 3414 1552 3480 enim
1582 3420 1713 3481 terrena

375 3520 482 3603 spatia
505 3520 627 3586 indicat
642 3520 787 3605 Pachyni
810 3526 843 3588 et
865 3520 981 3602 Pelori,
1007 3518 1082 3585 dein
1097 3519 1264 3586 Messenae
1289 3523 1323 3586 et
1336 3519 1498 3605 Lilybaei:
1523 3520 1605 3606 πεζῇ
1627 3520 1662 3586 δὲ
1677 3517 1712 3585 ἐκ

374 3626 432 3708 μὲν
454 3625 603 3708 Παχύνου
626 3626 672 3706 εἰς
695 3626 884 3714 Πελωριάδα
907 3626 1019 3692 ἑκατὸν
1045 3625 1214 3714 ἕξήκανικα
1237 3621 1331 3711 ὀκτώ,
1361 3624 1452 3691 ἐκδὲ
1475 3625 1639 3715 Μεσσήνης
1665 3625 1712 3704 εἰς

374 3730 552 3817 Λιλύβαιον
567 3742 606 3819 τῇ
624 3730 781 3820 Οὐαλερία
794 3726 858 3818 ὁδῷ
873 3731 1108 3818 <ὄιακόσια>
1119 3730 1290 3819 reconem
1302 3737 1407 3797 πέντε.
1431 3733 1518 3798 inter
1528 3731 1588 3799 has
1599 3734 1712 3799 choro·

373 3840 490 3925 graphi
501 3862 668 3907 mensuras
681 3839 884 3906 desideratur
905 3840 1037 3905 tertium
1057 3840 1153 3904 latus.
1189 3859 1248 3904 nec
1266 3838 1346 3903 satis
1361 3843 1513 3902 accurate
1531 3838 1617 3903 inter
1639 3858 1712 3920 pro·

374 3947 541 4012 munturia
556 3947 664 4031 spatia
678 3946 874 4015 indicantur.
906 3944 991 4030 quod
1007 3947 1035 4012 si
1050 3945 1203 4011 voluisset
1218 3942 1469 4028 chorographns,
1484 3964 1544 4027 pro
1559 3941 1712 4009 Messana

372 4051 527 4118 Pelorum
549 4051 733 4136 ponendum
755 4051 828 4121 fnit.
875 4055 984 4118 tamen
1000 4052 1101 4118 nolim
1116 4074 1189 4118 cnm
1205 4052 1377 4120 Partsohio
1392 4051 1476 4117 hanc
1490 4050 1575 4115 riam
1590 4049 1711 4117 addere

371 4158 416 4223 ed
442 4157 625 4227 arbitrium.
670 4166 705 4226 at
736 4160 857 4226 dixeris
886 4160 960 4245 plus
994 4181 1093 4245 quam
1126 4158 1209 4225 illud
1242 4157 1392 4224 διακόσια
1423 4158 1540 4225 lacuna
1568 4158 1710 4243 periisse.

370 4265 468 4349 proin
489 4265 654 4332 videamus
677 4288 756 4332 num
779 4265 859 4351 quid
881 4266 983 4332 auxili
1005 4273 1117 4351 petere
1140 4268 1299 4350 possimus
1319 4287 1359 4332 ex
1373 4266 1508 4350 reliquis
1523 4266 1711 4334 auctoribus

371 4371 429 4456 qui
452 4370 494 4436 ab
517 4371 668 4456 Agrippa
690 4372 842 4457 pendent.
889 4378 988 4456 atque
1011 4372 1146 4439 Orosius
1175 4377 1249 4454 1,2‚
1264 4376 1329 4443 100
1352 4374 1422 4461 (52)
1454 4372 1534 4440 haec
1564 4374 1709 4441 exhibet:

369 4475 513 4562 (Sicilia)
536 4476 622 4541 habet
644 4478 786 4543 aPeloro
808 4479 840 4541 ia
855 4477 1034 4564 Pachynum
1057 4479 1144 4542 inilia
1159 4502 1309 4565 pascuam
1328 4479 1507 4556 CLVIHI,
1531 4504 1552 4544 α
1567 4479 1710 4565 Pachyno

369 4585 404 4647 ia
427 4582 609 4669 Lilybaeum
633 4581 917 4669 CLXXXVJP).
963 4582 1082 4667 quihus
1112 4584 1146 4649 in
1168 4584 1274 4653 verbis
1296 4609 1356 4672 pro
1379 4587 1533 4672 Pachyno
1555 4585 1709 4652 Pelorum

384 4786 386 4789 ·
480 4760 502 4828 ¹)
522 4759 540 4815 1.
559 4760 577 4813 1.
597 4776 625 4829 p.
644 4761 687 4816 ιι.

480 4848 501 4917 ²)
519 4866 546 4917 n·
567 4850 619 4905 aes
638 4848 670 4905 c.

367 5028 400 5081 ot
419 4936 595 5080 OLQXVZI
606 4935 786 4994 CLXXVII.
825 4937 967 5007 Oosmogr.
986 4954 1014 5007 p.
1034 4938 1121 4999 1021
1144 4937 1249 5009 (Riese)
1269 4937 1377 4993 numeri
1396 4941 1506 4991 exstant
1526 4932 1709 4990 CXLVIII]
