4275 6025
1039 632 1105 698 106

448 842 503 909 Pl.
518 844 667 930 inrumpit
681 844 786 909 ἀείιιάι
801 854 828 909 et
842 844 875 907 ιἰι
892 843 947 907 loo
955 854 1046 931 porta
1145 843 1221 913 sol.
1243 846 1288 908 od
1302 844 1443 909 Rubrum
1457 867 1551 925 more,
1567 847 1647 932 quod
1660 845 1738 931 Idy·

402 952 554 1036 geminum
575 973 660 1015 mure
680 952 714 1015 in
733 962 837 1024 terroe,
862 952 945 1035 quod
959 950 1045 1014 Rob-
1099 951 1237 1016 thracum
1260 952 1299 1015 ab
1313 952 1450 1038 opera
1471 952 1574 1037 repa¹)
1594 952 1700 1017 Persei
1713 963 1742 1017 et

403 1081 473 1122 rum
496 1058 595 1122 diam
617 1059 718 1134 codri,
747 1054 855 1123 Graeci
875 1056 1044 1142 Impttrum
1099 1058 1311 1123 Andromedae
1325 1059 1404 1146 filio,
1428 1081 1488 1123 ιιοιι
1503 1058 1598 1122 solum
1612 1082 1633 1121 o
1647 1060 1740 1123 colora

404 1186 423 1226 o
453 1185 521 1248 rapa
551 1162 699 1250 implico,
740 1175 794 1228 out
825 1173 859 1227 ut
888 1164 944 1227 olii
975 1165 1046 1228 sotis
1098 1165 1286 1253 appellatum
1313 1164 1412 1229 Varro
1433 1166 1514 1231 dicit.

401 1292 576 1356 repercussu
606 1270 696 1335 telem
730 1271 818 1334 reddi
846 1272 1045 1336 existimantes

401 1378 538 1451 colorem,
562 1379 620 1442 otii
633 1377 672 1440 ab
692 1376 804 1442 torano
820 1387 965 1462 terraque,
990 1377 1047 1441 clii

402 1482 460 1547 toli
482 1505 581 1570 oquae
603 1486 701 1572 ipsius
723 1495 845 1551 notura.

515 1590 566 1656 his
589 1612 662 1657 oum
684 1591 792 1657 verbis
815 1591 943 1675 egregie
966 1591 1125 1657 consentit
1139 1590 1225 1656 Mela
1245 1591 1268 1658 l.
1284 1591 1307 1658 l.
1330 1591 1377 1659 ita
1391 1595 1427 1656 ut
1447 1590 1514 1656 iam
1529 1590 1649 1657 certius
1665 1612 1740 1676 pro·

403 1695 555 1762 nuntiare
577 1696 674 1763 liceat
697 1697 770 1779 quis
792 1695 850 1762 ille
880 1700 995 1762 auctor
1016 1720 1039 1761 x
1061 1696 1121 1761 sit:
1152 1717 1225 1762 oum
1250 1695 1400 1764 Varrone
1421 1696 1510 1763 Mela
1540 1718 1606 1764 non
1633 1698 1739 1764 solum

402 1801 645 1886 dispositionem
669 1803 830 1887 Europae,
860 1801 1041 1869 sedetiam
1070 1802 1162 1869 illam
1192 1803 1366 1887 imaginem
1398 1824 1598 1869 communem
1628 1803 1737 1884 hebet,

401 1929 601 1991 quamquam
623 1915 661 1975 ut
683 1909 864 1994 plerasque,
894 1911 943 1976 ita
971 1930 1036 1976 non
1068 1931 1180 1976 omnes
1201 1910 1288 1976 Plini
1311 1910 1481 1995 Melaeque
1513 1911 1739 1997 congruentias

404 2013 447 2080 ad
469 2036 569 2081 unum
594 2014 775 2085 Varronem
798 2016 985 2082 referendae
1017 2035 1087 2083 esee
1118 2015 1236 2083 indico.
1281 2038 1357 2082 num
1380 2016 1524 2083 Plinium
1554 2018 1739 2102 auctorisy

402 2141 534 2205 quoque
556 2142 637 2205 opus
659 2122 776 2203 legisse
799 2142 897 2205 supra
919 2121 1188 2187 demonstravisse
1209 2121 1302 2188 nobis
1324 2120 1480 2188 videmur.

516 2227 602 2294 unde
624 2248 700 2294 vero
723 2227 831 2297 Varro
855 2227 1015 2295 adductus
1038 2230 1091 2309 sit,
1114 2228 1232 2295 utillo
1261 2229 1402 2313 imagine
1432 2250 1493 2314 per
1521 2235 1627 2295 totum
1657 2250 1739 2316 opus

402 2341 561 2418 uteretur,
587 2335 770 2403 ostenditur
785 2336 955 2404 Strabonis
976 2336 1117 2420 quodam
1132 2337 1212 2415 loco,
1230 2337 1287 2420 qui
1302 2336 1531 2403 Eratosthenis
1546 2341 1739 2405 sententiam

403 2442 530 2527 profert
553 2444 646 2529 (120)
670 2445 824 2509 πλεῖστον
846 2442 880 2509 δὲ
894 2440 914 2533 ἡ
928 2440 1087 2509 θάλασσα
1109 2454 1291 2529 γεωγραφεῑ
1304 2443 1359 2507 καὶ
1381 2443 1570 2530 σχηματίζει
1591 2443 1650 2532 τήν
1671 2450 1737 2532 γῆν,

401 2548 544 2627 κόλπους
567 2545 810 2638 ἀπεργαζομένη
832 2551 889 2616 καὶ
911 2550 1039 2638 πελάγη
1061 2551 1118 2615 καὶ
1140 2547 1323 2637 aegipciis.

515 2663 615 2743 atque
637 2658 718 2725 haec
740 2658 872 2743 quidem
895 2657 938 2723 ad
959 2662 1065 2724 totum
1089 2679 1169 2744 opus
1198 2657 1372 2741 pertinent.
1418 2655 1484 2722 iam
1516 2657 1633 2741 quibus
1664 2679 1739 2725 auc·

403 2764 529 2830 toribus
552 2766 586 2830 in
609 2764 745 2849 singulis
768 2764 914 2848 partibus
929 2762 1056 2829 Plinius
1077 2784 1156 2829 usus
1170 2763 1222 2842 sit,
1239 2763 1450 2846 inquiramus.
1482 2763 1649 2830 exordium
1663 2786 1739 2831 vero

401 2868 443 2935 de
466 2869 601 2956 Europa
633 2868 817 2936 ducendum
848 2874 906 2949 est,
934 2869 968 2934 in
991 2869 1082 2934 ouius
1105 2868 1321 2953 descriptione
1351 2868 1429 2953 quin
1451 2866 1561 2939 Varro
1585 2868 1738 2957 Agrippa

402 2976 575 3062 Augustus
598 2976 741 3044 aPlinio
764 2973 903 3041 adhibiti
928 2975 1001 3058 sint,
1026 2974 1177 3042 dubitare
1200 2996 1295 3042 nemo
1317 2981 1436 3061 potest.
1482 2998 1519 3043 ac
1538 2977 1579 3044 de
1593 2977 1738 3065 Augusti

402 3092 496 3171 parte
512 3093 684 3171 postquem
700 3085 833 3168 egimus,
859 3103 896 3149 eo
915 3103 966 3150 res
980 3084 1137 3168 pervenit,
1154 3082 1286 3168 utquid
1302 3082 1453 3167 Varroni,
1470 3082 1550 3169 quid
1565 3084 1736 3171 Agrippae

402 3191 587 3276 deberetur,
610 3212 800 3275 cognoscere
823 3211 1022 3259 conaremur.

514 3320 580 3383 qua
602 3299 636 3364 in
659 3298 849 3382 quaestione
870 3318 931 3383 pro
945 3296 1157 3364 fundamento
1172 3298 1295 3363 utimur
1310 3299 1442 3382 egregia
1456 3319 1556 3382 quam
1571 3299 1637 3366 iam
1651 3321 1736 3367 oom-

401 3404 546 3488 pluriens
577 3404 754 3488 tetigimus,
788 3401 970 3470 Detlefseni
993 3403 1227 3482 observatione,
1255 3405 1312 3488 qui
1343 3405 1495 3489 Europae
1526 3425 1617 3470 oram
1640 3407 1737 3472 meri-

400 3510 532 3575 dianam
548 3509 707 3578 Varronis
731 3510 926 3576 auctoritate
949 3508 1183 3594 quadrifariam
1205 3509 1305 3575 dividi
1319 3510 1481 3576 intellexit
1489 3508 1526 3596 ²).
1566 3531 1651 3594 quae
1664 3533 1738 3596 par·

400 3617 474 3682 titio
497 3639 517 3683 a
538 3616 648 3683 Plinio
670 3606 752 3684 adeo
774 3617 921 3684 adhibita
943 3622 1001 3697 est,
1026 3623 1065 3682 ut
1086 3617 1137 3682 vel
1163 3621 1324 3683 terrarum
1353 3617 1582 3702 descriptiones
1604 3625 1737 3704 propter

401 3723 505 3807 ipsam
538 3721 748 3808 dirumperet
788 3742 894 3806 neque
925 3722 1027 3806 igitur
1049 3722 1165 3788 leviter
1187 3723 1217 3788 ei
1240 3743 1274 3789 se
1297 3722 1479 3807 applicavit,
1504 3724 1562 3790 sed
1585 3746 1655 3791 eam
1677 3748 1737 3812 pro

398 3829 627 3914 descriptionis
656 3828 867 3897 fundamento
899 3827 1024 3894 habuit.
1075 3827 1161 3894 unde
1184 3827 1366 3896 Varronem
1398 3828 1487 3913 apud
1518 3850 1591 3895 eum
1621 3831 1669 3897 ite
1699 3837 1738 3898 ut

401 3936 558 4021 perluit,
583 3936 720 4002 multum
744 3935 883 4001 valuisse
906 3940 1051 4020 apparet.
1088 3931 1298 4000 confirmatur
1320 3938 1431 4000 autem
1453 3936 1526 4020 ipsa
1549 3936 1606 4003 illa
1627 3937 1735 4004 obser·

401 4042 530 4108 vatione
542 4040 786 4108 Detleiseniana
797 4040 841 4120 id,
854 4040 942 4124 quod
954 4039 995 4105 de
1011 4039 1117 4124 operis
1127 4037 1325 4110 Varroniani
1338 4039 1447 4106 indole
1458 4041 1690 4125 disputavimus
1697 4041 1736 4130 ⁸).

400 4169 477 4213 nam
500 4147 596 4214 huius
612 4149 779 4215 divisionis
801 4149 835 4213 in
858 4147 926 4213 solo
949 4145 1164 4232 geographico
1187 4145 1272 4212 libro
1294 4146 1384 4212 locus
1407 4153 1488 4218 eret.

398 4263 401 4268 “
513 4255 656 4339 singulos
687 4257 790 4340 igitur
819 4254 906 4321 locos
941 4253 1204 4338 contemplemur,
1244 4253 1363 4338 quibus
1392 4253 1451 4319 illa
1485 4254 1621 4339 partitio
1648 4254 1737 4340 apud

400 4360 543 4426 Plinium
567 4362 717 4426 cernitur.
764 4381 804 4426 ac
825 4360 965 4445 primum
987 4359 1028 4424 de
1052 4361 1117 4440 3,o
1141 4358 1301 4441 agendum
1326 4364 1384 4425 est.
1432 4359 1523 4426 cuins
1538 4360 1738 4445 paragraphi

400 4467 529 4532 initium
552 4469 783 4534 Varronianam
806 4488 886 4552 prae
908 4487 943 4532 se
970 4465 1034 4533 fert
1066 4463 1257 4533 doctrinam.
1304 4486 1342 4533 eo
1373 4467 1458 4532 enim
1487 4472 1619 4534 auctore
1650 4468 1738 4534 dicta

401 4594 470 4639 esse
494 4573 606 4640 rerba:
631 4596 723 4660 quom
737 4573 933 4660 (Europam)
952 4573 1088 4660 plerique
1110 4574 1213 4638 merit>
1235 4595 1296 4637 non
1319 4573 1437 4638 tatium
1447 4575 1615 4660 portionem
1635 4574 1735 4654 semro,

512 4750 532 4819 ¹)
551 4766 644 4821 regem
661 4748 813 4819 Erythram
832 4767 848 4805 a
871 4749 996 4805 Varrone
1013 4754 1143 4806 vocatum
1161 4765 1222 4804 esse
1240 4765 1273 4804 eo
1293 4749 1407 4804 maioris
1427 4749 1561 4805 momenti
1583 4754 1634 4817 est,
1661 4751 1737 4820 qued

399 4838 513 4897 Curtius
531 4837 684 4908 Erythrum
703 4837 821 4893 eundem
840 4837 914 4893 haud
933 4838 1017 4892 semel
1036 4843 1191 4908 nuncupat,
1209 4839 1236 4908 8,
1248 4838 1274 4908 9,
1287 4839 1331 4894 14.
1350 4839 1480 4907 10,1,14
1498 4838 1550 4894 bie.

510 4929 531 4999 ²)
550 4926 669 4982 Hermes
687 4930 720 4984 21
742 4926 834 4998 (1886)
853 4944 881 4997 p.
901 4925 1051 4983 ato-265.
1587 4930 1589 4933 ’

510 5016 532 5089 ³)
551 5015 586 5078 ci.
605 5033 690 5087 supra
707 5033 734 5086 p.
754 5017 796 5072 12.
