4275 6025
1065 705 1129 770 116

428 921 637 1005 συγγραφέων
659 916 786 985 πολλοί.
825 937 910 1002 quae
933 936 1130 1001 quamquam
1152 936 1256 1001 usque
1279 915 1322 981 ad
1336 915 1592 1000 desperationem
1609 924 1765 1002 corrupte

427 1028 505 1090 sunt
526 1062 571 1073 —
598 1044 703 1107 neque
735 1025 819 1091 enim
842 1022 956 1089 Macra
985 1026 1103 1109 χωρίον
1137 1029 1186 1089 est
1218 1060 1274 1103 —,
1304 1028 1413 1089 tamen
1442 1023 1556 1089 Macra
1592 1025 1659 1091 iam
1688 1031 1764 1091 ante

430 1130 615 1213 Augustam
630 1128 799 1215 Liguriam
815 1129 1049 1214 Etruriamque
1070 1128 1240 1195 terminari
1261 1129 1374 1195 solitas
1389 1129 1542 1199 videmus.
1578 1129 1653 1197 dein
1675 1131 1764 1197 nullo

428 1236 524 1303 modo
547 1256 699 1302 mensura
712 1234 868 1319 Liguriae
882 1256 954 1301 cum
978 1234 1025 1301 eis
1039 1254 1162 1299 conexa
1177 1238 1235 1313 est,
1260 1254 1344 1317 quae
1359 1234 1399 1300 ds
1418 1234 1602 1319 regionibus
1617 1236 1764 1320 Augusti

428 1342 556 1409 Plinius
580 1344 737 1429 exposuit.
782 1343 881 1407 immo
903 1342 931 1406 si
953 1340 1033 1425 quid
1055 1339 1169 1418 sentio,
1192 1345 1366 1423 postquam
1388 1342 1528 1425 primum
1551 1341 1572 1430 ἕ
1596 1346 1640 1413 50
1663 1364 1764 1410 enun-

428 1450 546 1517 tiatum
569 1456 682 1517 auctor
704 1448 903 1533 conscripsit,
928 1467 1081 1513 mensura
1102 1450 1152 1511 est
1173 1445 1300 1512 addita:
1324 1446 1498 1513 cohaerent
1520 1450 1607 1515 euim
1629 1470 1764 1533 sequen·

428 1557 477 1622 tia
499 1558 663 1621 ducemur
684 1556 813 1643 septimo
835 1574 902 1639 eqs.
930 1573 1005 1618 cum
1037 1552 1083 1617 eis
1113 1572 1197 1635 qnae
1229 1571 1399 1617 mensurae
1428 1555 1633 1625 antecedunt.
1678 1555 1764 1620 unde

429 1662 556 1730 videtur
579 1662 664 1729 effici
687 1681 790 1747 posse,
814 1667 851 1727 ut
874 1660 943 1725 eius
965 1659 1106 1744 primum
1122 1656 1248 1723 Plinius
1271 1657 1392 1724 oblitus
1414 1659 1457 1725 sit
1479 1667 1538 1726 aut
1558 1682 1629 1728 eam
1644 1682 1763 1746 ponere

429 1770 580 1848 noluerit,
603 1767 720 1835 deinde
742 1767 800 1833 ubi
822 1767 886 1832 iam
909 1764 952 1832 ad
975 1763 1073 1830 aliam
1095 1765 1260 1847 regionem
1284 1764 1425 1843 transiit,
1447 1764 1483 1829 id
1505 1767 1593 1849 quod
1608 1768 1763 1834 omiserat

427 1876 635 1962 supplevitl).
681 1881 781 1959 atque
804 1895 878 1940 cum
901 1873 977 1938 hinc
999 1872 1141 1957 primum
1164 1890 1332 1936 mensuras
1362 1871 1516 1956 speciales
1539 1873 1763 1959 adscripturus

430 1983 537 2064 fuerit,
580 1981 674 2048 facile
717 1980 845 2047 Plinius
885 1978 984 2045 habet
1018 1978 1268 2046 excusationem.
1330 1999 1405 2045 nam
1443 2000 1497 2045 eas
1534 1980 1568 2045 in
1606 1982 1764 2065 periegesi

429 2089 528 2155 etiam
551 2088 593 2154 de
615 2086 749 2171 reliquis
771 2085 868 2151 terris
891 2089 1021 2150 notatas
1045 2082 1144 2149 luisse
1166 2104 1207 2147 ex
1228 2083 1376 2169 reliquiis
1398 2086 1594 2171 perspicitur
1608 2107 1694 2171 quae
1708 2108 1763 2153 er·

429 2196 560 2261 stante.
582 2215 611 2276 g.
635 2194 667 2275 3,
679 2195 732 2261 22.
756 2192 798 2260 76
819 2191 938 2253 wadum
959 2188 1112 2267 Dianium
1131 2210 1190 2274 per
1211 2191 1404 2255 conduratam
1426 2212 1447 2253 c
1471 2190 1653 2277 Cartbagine
1674 2214 1761 2263 noua.

430 2304 460 2383 6,
474 2304 550 2371 207.
596 2318 655 2365 nec
681 2304 791 2363 umen
822 2297 897 2362 inde
920 2295 1007 2382 quod
1028 2317 1182 2362 mensura
1212 2317 1285 2362 cum
1315 2303 1468 2363 contextu
1496 2299 1581 2365 male
1603 2300 1761 2381 cohaeret,

429 2408 526 2473 velim
549 2405 697 2472 concludi
728 2425 799 2470 eam
822 2404 992 2488 Agrippae
1023 2423 1093 2468 esse
1115 2402 1332 2469 tribuendam.
1377 2404 1412 2469 id
1435 2406 1523 2490 quod
1549 2406 1628 2490 ipsis
1656 2406 1763 2473 uerbis

429 2518 561 2581 cautum
592 2517 651 2577 ast.
696 2510 784 2575 illius
814 2508 898 2575 enim
927 2528 1095 2575 mensuras
1125 2507 1321 2592 ubicumque
1353 2510 1474 2577 diserte
1499 2511 1601 2577 refert
1624 2511 1760 2595 Plinius,

429 2620 498 2685 eius
520 2637 699 2684 sermonem
721 2621 852 2681 tenuem
875 2619 975 2697 atque
998 2613 1115 2679 exilem
1138 2612 1206 2681 lere
1228 2616 1355 2684 retinet.
1391 2617 1456 2682 iam
1479 2638 1555 2683 vero
1578 2617 1617 2684 ci.
1642 2639 1763 2703 quaeso

429 2731 461 2809 3,
474 2728 517 2799 96
530 2724 612 2797 frons
627 2722 735 2787 Italiae
750 2766 759 2783 .
777 2770 784 2786 .
801 2710 1115 2807 potuim
1130 2730 1165 2783 ut
1181 2731 1283 2783 auctm
1304 2732 1346 2786 cst
1373 2721 1477 2787 Varro.
1498 2726 1530 2801 3,
1542 2726 1586 2793 62
1608 2726 1762 2809 navigatio

429 2855 450 2895 a
469 2829 581 2896 Cursu
603 2820 652 2894 Π
668 2830 703 2893 ds
726 2818 872 2892 [XXX
884 2838 996 2914 patet.
1019 2829 1132 2911 itaque
1155 2848 1351 2913 quamquam
1366 2834 1489 2896 certum
1503 2830 1661 2896 iudicium
1683 2832 1762 2898 ferri

429 2958 493 3004 non
515 2958 609 3025 posse
636 2936 784 3016 concedo,
808 2941 917 3000 tamen
939 2934 1143 2999 verisimilius
1166 2934 1281 3019 iudico,
1306 2934 1449 3003 Varroni
1469 2957 1567 3020 quam
1591 2936 1763 3024 Agrippae

428 3047 661 3131 huncquoque
684 3063 868 3110 mensuram
891 3042 1012 3108 deberi.
1140 3093 1144 3100 .
1658 3094 1664 3102 .

541 3174 600 3236 age
632 3152 732 3237 igitur
761 3148 1081 3234 comprehendamus.
1113 3150 1147 3214 in
1170 3150 1323 3215 continua
1350 3149 1409 3216 illa
1438 3152 1521 3217 serie
1551 3172 1617 3237 qua
1643 3149 1763 3219 Italiae

429 3260 515 3325 latus
548 3255 746 3325 occidentale
776 3259 984 3340 computatur
1010 3276 1078 3320 una
1104 3254 1248 3323 Varroni
1278 3277 1428 3323 mensura
1458 3257 1624 3329 tribuitur.
1670 3261 1763 3327 cuius

429 3385 546 3431 nomen
579 3362 625 3429 ibi
658 3361 859 3444 potissimum
892 3365 1008 3442 exstat,
1042 3361 1131 3444 quod
1165 3361 1270 3427 altera
1304 3361 1447 3428 eiusdem
1480 3367 1579 3449 spatii
1611 3386 1764 3433 mensura

428 3471 567 3537 aliorum
589 3469 784 3535 auctoritate
805 3466 962 3550 adfertur,
995 3468 1043 3533 ita
1065 3473 1104 3533 ut
1126 3467 1194 3534 lere
1221 3469 1400 3536 necessario
1431 3471 1460 3536 is
1490 3471 1689 3554 significatus
1720 3475 1763 3540 sit

429 3599 524 3664 quem
547 3576 674 3643 Plinius
697 3575 854 3660 sequitur.
899 3575 933 3639 in
955 3573 1090 3657 reliquis
1114 3581 1223 3640 autem
1245 3595 1318 3641 cum
1340 3597 1435 3642 nemo
1451 3575 1622 3662 discrepet,
1645 3600 1761 3645 nomen

429 3707 494 3752 non
516 3683 743 3754 desideramus.
789 3680 958 3767 Agrippae
981 3688 1091 3748 autem
1114 3681 1214 3747 ullam
1238 3702 1308 3750 esse
1329 3682 1421 3749 nulla
1442 3704 1478 3749 re
1500 3684 1670 3754 indicatur.

540 3794 605 3859 iam
639 3789 777 3855 alterum
805 3788 920 3855 Italiae
946 3788 1033 3854 lutus
1064 3787 1302 3872 adgrediamur.
1356 3793 1386 3873 3,
1396 3793 1439 3860 99
1469 3792 1559 3858 sinus
1592 3791 1762 3860 Tarentini

430 3900 571 3968 ambitus
594 3897 636 3964 ad
660 3885 744 3960 Ἦ
765 3901 983 3979 computatur.
1029 3901 1209 3978 sequuntur
1231 3895 1377 3980 singulae
1399 3917 1580 3965 mensurae:

641 3992 869 4068 mma
891 4000 1026 4067 Lacinio
1049 3999 1227 4067 Tarentum
1262 4053 1270 4068 .
1317 4054 1325 4073 .
1372 4054 1381 4072 .
1428 4053 1437 4072 .
1483 4007 1547 4075 136

642 4097 817 4191 ΙΪΙῙΠ”)
840 4129 860 4174 a
883 4107 1022 4174 Tarento
1045 4105 1232 4193 Callipolim
1263 4158 1271 4175 .
1317 4157 1326 4175 .
1373 4162 1381 4180 .
1428 4157 1437 4176 .
1505 4115 1547 4181 75

641 4203 814 4279 'X'X'XI‘I'I
829 4213 906 4280 inde
927 4214 969 4280 ad
992 4215 1106 4280 Acran
1128 4214 1326 4299 Iapygiam.
1372 4265 1381 4284 .
1428 4266 1436 4283 .
1504 4221 1548 4288 33

430 4343 514 4407 quae
536 4343 663 4389 summa
684 4343 748 4388 nou
766 4310 854 4387 6OE
877 4327 919 4390 m.
935 4345 967 4407 p.
992 4320 1081 4399 facit,
1104 4319 1161 4386 sed
1184 4311 1371 4390 OEXLl-v.
1409 4323 1522 4407 itaque
1536 4325 1599 4390 nisi
1614 4345 1762 4393 numeros

431 4429 593 4511 corrigere
616 4428 772 4511 volumus,
803 4427 838 4494 id
868 4427 955 4512 quod
985 4448 1049 4493 non
1080 4427 1165 4493 facili
1195 4449 1293 4513 opera
1322 4426 1370 4507 fit,
1402 4429 1490 4494 sinus
1520 4431 1690 4497 circuitum
1719 4433 1763 4500 ad

429 4535 605 4602 rotundum
628 4540 665 4600 ut
688 4536 780 4601 aiunt
795 4556 965 4602 numerum
981 4535 1152 4601 redactum
1174 4555 1243 4601 esse
1258 4535 1465 4601 statuendum
1481 4540 1540 4602 est.
1573 4536 1659 4604 idem
1674 4540 1761 4625 apud

431 4640 614 4727 Agrippam
637 4662 766 4726 quoque
787 4641 911 4708 factum
939 4648 997 4710 est
1043 4663 1120 4708 nam
1150 4639 1269 4709 Strabo
1298 4643 1362 4712 261
1395 4647 1550 4709 testatur:
1584 4637 1684 4721 αὐτὸς
1713 4638 1762 4710 δ’ὁ

539 4819 560 4889 ¹)
579 4817 706 4872 similiter
723 4834 766 4872 res
785 4834 815 4872 se
832 4817 917 4872 habet
928 4819 954 4883 4,
964 4817 999 4874 26
1018 4816 1067 4873 ubi
1079 4817 1115 4872 de
1126 4816 1252 4888 pristinis
1265 4814 1395 4872 Boeotiae
1406 4815 1505 4871 incolis
1517 4834 1574 4872 uon
1586 4821 1652 4874 ante
1668 4821 1762 4876 terrae

430 4907 489 4962 eius
507 4905 721 4975 descriptionem
739 4910 771 4960 ut
789 4905 868 4972 solet,
888 4905 935 4961 sed
955 4923 989 4962 ea
1006 4905 1133 4962 confecta
1151 4905 1258 4961 Plinius
1276 4904 1346 4974 sgit3
1364 4903 1421 4960 nisi
1442 4903 1517 4960 forte
1534 4905 1638 4963 inversi
1654 4907 1762 4965 ordinis

430 4997 465 5054 ds
483 5014 537 5068 quo
554 4995 628 5051 inira
645 4996 853 5066 disputabimus,
872 4996 925 5052 hoo
942 4997 1133 5052 testimonium
1150 4999 1202 5053 est.

538 5084 562 5156 Ι)
574 5076 731 5144 ΠΧΠ
741 5085 853 5142 exhibet
870 5085 1023 5143 Martianus
1041 5087 1103 5146 650.
