<?xml version="1.0" encoding="UTF-8"?>
<!DOCTYPE html PUBLIC "-//W3C//DTD XHTML 1.0 Transitional//EN"
    "http://www.w3.org/TR/xhtml1/DTD/xhtml1-transitional.dtd">
<html xmlns="http://www.w3.org/1999/xhtml" xml:lang="en" lang="en">
 <head>
  <title>
</title>
<meta http-equiv="Content-Type" content="text/html;charset=utf-8" />
  <meta name='ocr-system' content='tesseract 3.04.00' />
  <meta name='ocr-capabilities' content='ocr_page ocr_carea ocr_par ocr_line ocrx_word'/>
</head>
<body>
  <div class='ocr_page' id='page_1' title='image "./quaestionesplin00klotgoog_0196.png"; bbox 0 0 4275 6025; ppageno 0'>
   <div class='ocr_carea' id='block_1_1' title="bbox 1084 672 1148 736">
    <p class='ocr_par' dir='ltr' id='par_1_1' title="bbox 1084 672 1148 736">
     <span class='ocr_line' id='line_1_1' title="bbox 1084 672 1148 736; baseline 0 0"><span class='ocrx_word' id='word_1_1' title='bbox 1084 672 1148 736; x_wconf 88' lang='lat'><strong>186</strong></span> 
     </span>
    </p>
   </div>
   <div class='ocr_carea' id='block_1_2' title="bbox 442 881 1787 4058">
    <p class='ocr_par' dir='ltr' id='par_1_2' title="bbox 445 881 1786 1710">
     <span class='ocr_line' id='line_1_2' title="bbox 446 881 1786 967; baseline 0.001 -20"><span class='ocrx_word' id='word_1_2' title='bbox 446 901 557 947; x_wconf 89' lang='lat' dir='ltr'><strong>corum</strong></span> <span class='ocrx_word' id='word_1_3' title='bbox 578 886 611 950; x_wconf 97' lang='grc'><strong>4.</strong></span> <span class='ocrx_word' id='word_1_4' title='bbox 635 883 678 954; x_wconf 80' lang='grc'><strong>77</strong></span> <span class='ocrx_word' id='word_1_5' title='bbox 701 887 736 949; x_wconf 85' lang='grc'><strong>66</strong></span> <span class='ocrx_word' id='word_1_6' title='bbox 750 885 781 962; x_wconf 96' lang='grc'><strong>6,</strong></span> <span class='ocrx_word' id='word_1_7' title='bbox 797 883 839 950; x_wconf 92' lang='grc'><strong>31</strong></span> <span class='ocrx_word' id='word_1_8' title='bbox 863 903 963 966; x_wconf 90' lang='lat' dir='ltr'><strong>quam</strong></span> <span class='ocrx_word' id='word_1_9' title='bbox 985 881 1101 948; x_wconf 85' lang='lat' dir='ltr'><strong>leviter</strong></span> <span class='ocrx_word' id='word_1_10' title='bbox 1123 881 1287 964; x_wconf 80' lang='lat' dir='ltr'><strong>fulciatur,</strong></span> <span class='ocrx_word' id='word_1_11' title='bbox 1314 903 1365 948; x_wconf 93' lang='lat' dir='ltr'><strong>me</strong></span> <span class='ocrx_word' id='word_1_12' title='bbox 1388 901 1453 948; x_wconf 92' lang='lat' dir='ltr'><strong>non</strong></span> <span class='ocrx_word' id='word_1_13' title='bbox 1472 881 1570 967; x_wconf 80' lang='lat' dir='ltr'><strong>fugit.</strong></span> <span class='ocrx_word' id='word_1_14' title='bbox 1609 882 1666 948; x_wconf 91' lang='lat' dir='ltr'><strong>sed</strong></span> <span class='ocrx_word' id='word_1_15' title='bbox 1687 881 1786 948; x_wconf 90' lang='lat' dir='ltr'><strong>adno-</strong></span> 
     </span>
     <span class='ocr_line' id='line_1_3' title="bbox 446 987 1785 1074; baseline 0 -20"><span class='ocrx_word' id='word_1_16' title='bbox 446 987 548 1054; x_wconf 86' lang='lat' dir='ltr'><strong>tanda</strong></span> <span class='ocrx_word' id='word_1_17' title='bbox 569 993 621 1054; x_wconf 89' lang='lat' dir='ltr'><strong>est</strong></span> <span class='ocrx_word' id='word_1_18' title='bbox 643 989 814 1056; x_wconf 87' lang='lat' dir='ltr'><strong>diversitas</strong></span> <span class='ocrx_word' id='word_1_19' title='bbox 836 987 996 1073; x_wconf 76' lang='lat' dir='ltr'><strong>quaedam</strong></span> <span class='ocrx_word' id='word_1_20' title='bbox 1017 1007 1102 1072; x_wconf 90' lang='lat' dir='ltr'><strong>qnae</strong></span> <span class='ocrx_word' id='word_1_21' title='bbox 1124 989 1209 1054; x_wconf 88' lang='lat' dir='ltr'><strong>inter</strong></span> <span class='ocrx_word' id='word_1_22' title='bbox 1224 987 1405 1057; x_wconf 87' lang='lat' dir='ltr'><strong>Varronem</strong></span> <span class='ocrx_word' id='word_1_23' title='bbox 1429 993 1463 1054; x_wconf 91' lang='lat' dir='ltr'><strong>et</strong></span> <span class='ocrx_word' id='word_1_24' title='bbox 1485 989 1664 1074; x_wconf 80' lang='lat' dir='ltr'><strong>Agrippam</strong></span> <span class='ocrx_word' id='word_1_25' title='bbox 1685 988 1785 1054; x_wconf 89' lang='lat' dir='ltr'><strong>inter·</strong></span> 
     </span>
     <span class='ocr_line' id='line_1_4' title="bbox 446 1091 1785 1179; baseline -0.001 -20"><span class='ocrx_word' id='word_1_26' title='bbox 446 1093 543 1173; x_wconf 84' lang='lat' dir='ltr'><strong>cedit,</strong></span> <span class='ocrx_word' id='word_1_27' title='bbox 567 1115 634 1177; x_wconf 87' lang='lat' dir='ltr'><strong>qna</strong></span> <span class='ocrx_word' id='word_1_28' title='bbox 655 1099 769 1179; x_wconf 82' lang='lat' dir='ltr'><strong>postea</strong></span> <span class='ocrx_word' id='word_1_29' title='bbox 791 1094 842 1160; x_wconf 94' lang='lat' dir='ltr'><strong>uti</strong></span> <span class='ocrx_word' id='word_1_30' title='bbox 862 1092 1052 1178; x_wconf 88' lang='lat' dir='ltr'><strong>poterimus.</strong></span> <span class='ocrx_word' id='word_1_31' title='bbox 1097 1113 1174 1158; x_wconf 88' lang='lat' dir='ltr'><strong>nam</strong></span> <span class='ocrx_word' id='word_1_32' title='bbox 1197 1093 1250 1159; x_wconf 89' lang='lat' dir='ltr'><strong>hic</strong></span> <span class='ocrx_word' id='word_1_33' title='bbox 1271 1091 1407 1159; x_wconf 88' lang='lat' dir='ltr'><strong>eandem</strong></span> <span class='ocrx_word' id='word_1_34' title='bbox 1429 1094 1528 1160; x_wconf 90' lang='lat' dir='ltr'><strong>maris</strong></span> <span class='ocrx_word' id='word_1_35' title='bbox 1542 1101 1677 1179; x_wconf 88' lang='lat' dir='ltr'><strong>partem,</strong></span> <span class='ocrx_word' id='word_1_36' title='bbox 1699 1115 1785 1177; x_wconf 93' lang='lat' dir='ltr'><strong>quae</strong></span> 
     </span>
     <span class='ocr_line' id='line_1_5' title="bbox 446 1197 1784 1285; baseline -0.003 -16"><span class='ocrx_word' id='word_1_37' title='bbox 446 1199 588 1269; x_wconf 86' lang='lat' dir='ltr'><strong>Varroni</strong></span> <span class='ocrx_word' id='word_1_38' title='bbox 616 1221 753 1267; x_wconf 83' lang='lat' dir='ltr'><strong>oceanus</strong></span> <span class='ocrx_word' id='word_1_39' title='bbox 781 1199 871 1266; x_wconf 85' lang='grc'><strong>11666</strong></span> <span class='ocrx_word' id='word_1_40' title='bbox 902 1205 965 1279; x_wconf 87' lang='lat' dir='ltr'><strong>est,</strong></span> <span class='ocrx_word' id='word_1_41' title='bbox 996 1197 1143 1266; x_wconf 76' lang='lat' dir='ltr'><strong>Sericum</strong></span> <span class='ocrx_word' id='word_1_42' title='bbox 1174 1221 1330 1266; x_wconf 91' lang='lat' dir='ltr'><strong>oceanum</strong></span> <span class='ocrx_word' id='word_1_43' title='bbox 1358 1205 1536 1285; x_wconf 91' lang='lat' dir='ltr'><strong>nuncupat.</strong></span> <span class='ocrx_word' id='word_1_44' title='bbox 1582 1222 1603 1266; x_wconf 88' lang='lat' dir='ltr'><strong>a</strong></span> <span class='ocrx_word' id='word_1_45' title='bbox 1634 1201 1784 1271; x_wconf 85' lang='lat' dir='ltr'><strong>Varrone</strong></span> 
     </span>
     <span class='ocr_line' id='line_1_6' title="bbox 446 1304 1785 1392; baseline -0.001 -20"><span class='ocrx_word' id='word_1_46' title='bbox 446 1311 514 1372; x_wconf 87' lang='lat' dir='ltr'><strong>stat</strong></span> <span class='ocrx_word' id='word_1_47' title='bbox 528 1305 655 1373; x_wconf 90' lang='lat' dir='ltr'><strong>Plinius</strong></span> <span class='ocrx_word' id='word_1_48' title='bbox 670 1312 800 1392; x_wconf 89' lang='lat' dir='ltr'><strong>praeter</strong></span> <span class='ocrx_word' id='word_1_49' title='bbox 814 1305 902 1372; x_wconf 90' lang='lat' dir='ltr'><strong>hunc</strong></span> <span class='ocrx_word' id='word_1_50' title='bbox 914 1306 1022 1372; x_wconf 92' lang='lat' dir='ltr'><strong>locum</strong></span> <span class='ocrx_word' id='word_1_51' title='bbox 1037 1307 1173 1391; x_wconf 77' lang='lat' dir='ltr'><strong>ubiquer</strong></span> <span class='ocrx_word' id='word_1_52' title='bbox 1198 1311 1228 1386; x_wconf 85' lang='grc'><strong>6,</strong></span> <span class='ocrx_word' id='word_1_53' title='bbox 1242 1309 1295 1377; x_wconf 82' lang='grc'><strong>97.</strong></span> <span class='ocrx_word' id='word_1_54' title='bbox 1320 1309 1350 1388; x_wconf 92' lang='grc'><strong>6,</strong></span> <span class='ocrx_word' id='word_1_55' title='bbox 1365 1310 1418 1378; x_wconf 87' lang='lat'><strong>33.</strong></span> <span class='ocrx_word' id='word_1_56' title='bbox 1443 1309 1496 1376; x_wconf 84' lang='grc'><strong>63.</strong></span> <span class='ocrx_word' id='word_1_57' title='bbox 1531 1304 1662 1374; x_wconf 82' lang='lat' dir='ltr'><strong>Sericus</strong></span> <span class='ocrx_word' id='word_1_58' title='bbox 1676 1312 1785 1372; x_wconf 91' lang='lat' dir='ltr'><strong>autem</strong></span> 
     </span>
     <span class='ocr_line' id='line_1_7' title="bbox 445 1413 1784 1498; baseline 0 -20"><span class='ocrx_word' id='word_1_59' title='bbox 445 1419 576 1498; x_wconf 90' lang='lat' dir='ltr'><strong>praeter</strong></span> <span class='ocrx_word' id='word_1_60' title='bbox 599 1414 925 1494; x_wconf 72' lang='grc'><strong>631666616666.</strong></span> <span class='ocrx_word' id='word_1_61' title='bbox 970 1413 1091 1482; x_wconf 85' lang='grc'><strong>66661.</strong></span> <span class='ocrx_word' id='word_1_62' title='bbox 1115 1413 1189 1480; x_wconf 89' lang='lat' dir='ltr'><strong>Div.</strong></span> <span class='ocrx_word' id='word_1_63' title='bbox 1214 1413 1282 1480; x_wconf 91' lang='lat' dir='ltr'><strong>orb.</strong></span> <span class='ocrx_word' id='word_1_64' title='bbox 1309 1417 1351 1482; x_wconf 87' lang='grc'><strong>16</strong></span> <span class='ocrx_word' id='word_1_65' title='bbox 1379 1413 1465 1480; x_wconf 87' lang='grc'><strong>6666</strong></span> <span class='ocrx_word' id='word_1_66' title='bbox 1495 1413 1687 1480; x_wconf 86' lang='lat' dir='ltr'><strong>emendatur</strong></span> <span class='ocrx_word' id='word_1_67' title='bbox 1709 1413 1784 1479; x_wconf 86' lang='lat' dir='ltr'><strong>Div.</strong></span> 
     </span>
     <span class='ocr_line' id='line_1_8' title="bbox 445 1519 1785 1607; baseline -0.003 -21"><span class='ocrx_word' id='word_1_68' title='bbox 445 1519 514 1590; x_wconf 88' lang='lat' dir='ltr'><strong>orb.</strong></span> <span class='ocrx_word' id='word_1_69' title='bbox 537 1521 691 1590; x_wconf 76' lang='grc'><strong>2416666</strong></span> <span class='ocrx_word' id='word_1_70' title='bbox 707 1567 741 1586; x_wconf 93' lang='lat'><strong>..</strong></span> <span class='ocrx_word' id='word_1_71' title='bbox 762 1522 869 1603; x_wconf 69' lang='lat' dir='ltr'><strong>finibb</strong></span> <span class='ocrx_word' id='word_1_72' title='bbox 890 1520 929 1583; x_wconf 85' lang='lat' dir='ltr'><strong>ab</strong></span> <span class='ocrx_word' id='word_1_73' title='bbox 951 1522 1061 1585; x_wconf 69' lang='grc'><strong>6666666</strong></span> <span class='ocrx_word' id='word_1_74' title='bbox 1079 1520 1210 1607; x_wconf 82' lang='lat' dir='ltr'><strong>flumine</strong></span> <span class='ocrx_word' id='word_1_75' title='bbox 1229 1519 1335 1606; x_wconf 72' lang='lat' dir='ltr'><strong>Gange</strong></span> <span class='ocrx_word' id='word_1_76' title='bbox 1357 1532 1385 1585; x_wconf 83' lang='lat' dir='ltr'><strong>et</strong></span> <span class='ocrx_word' id='word_1_77' title='bbox 1406 1543 1513 1586; x_wconf 85' lang='lat' dir='ltr'><strong>oceano</strong></span> <span class='ocrx_word' id='word_1_78' title='bbox 1528 1519 1631 1584; x_wconf 70' lang='lat' dir='ltr'><strong>Serico</strong></span> <span class='ocrx_word' id='word_1_79' title='bbox 1652 1519 1785 1602; x_wconf 83' lang='lat' dir='ltr'><strong>(Persico</strong></span> 
     </span>
     <span class='ocr_line' id='line_1_9' title="bbox 446 1625 1104 1710; baseline -0.003 -16"><span class='ocrx_word' id='word_1_80' title='bbox 446 1625 517 1694; x_wconf 89' lang='lat' dir='ltr'><strong>cod.</strong></span> <span class='ocrx_word' id='word_1_81' title='bbox 539 1627 645 1691; x_wconf 75' lang='lat' dir='ltr'><strong>iodim</strong></span> <span class='ocrx_word' id='word_1_82' title='bbox 667 1628 774 1693; x_wconf 88' lang='lat' dir='ltr'><strong>Dicuil</strong></span> <span class='ocrx_word' id='word_1_83' title='bbox 798 1649 817 1692; x_wconf 96' lang='lat' dir='ltr'><strong>e</strong></span> <span class='ocrx_word' id='word_1_84' title='bbox 838 1626 1060 1710; x_wconf 89' lang='lat' dir='ltr'><strong>sequentibus)</strong></span> <span class='ocrx_word' id='word_1_85' title='bbox 1069 1627 1104 1710; x_wconf 88' lang='grc'><strong>1).</strong></span> 
     </span>
    </p>

    <p class='ocr_par' dir='ltr' id='par_1_3' title="bbox 443 1728 1787 2668">
     <span class='ocr_line' id='line_1_10' title="bbox 557 1728 1786 1819; baseline -0.002 -20"><span class='ocrx_word' id='word_1_86' title='bbox 557 1735 591 1799; x_wconf 92' lang='lat' dir='ltr'><strong>in</strong></span> <span class='ocrx_word' id='word_1_87' title='bbox 613 1734 800 1800; x_wconf 88' lang='lat' dir='ltr'><strong>uuiversum</strong></span> <span class='ocrx_word' id='word_1_88' title='bbox 822 1728 932 1800; x_wconf 85' lang='lat' dir='ltr'><strong>autem</strong></span> <span class='ocrx_word' id='word_1_89' title='bbox 944 1735 1046 1800; x_wconf 88' lang='lat' dir='ltr'><strong>marie</strong></span> <span class='ocrx_word' id='word_1_90' title='bbox 1061 1732 1173 1818; x_wconf 87' lang='lat' dir='ltr'><strong>Oaspii</strong></span> <span class='ocrx_word' id='word_1_91' title='bbox 1197 1733 1369 1819; x_wconf 80' lang='lat' dir='ltr'>descriptio</span> <span class='ocrx_word' id='word_1_92' title='bbox 1386 1736 1416 1814; x_wconf 93' lang='grc'><strong>6,</strong></span> <span class='ocrx_word' id='word_1_93' title='bbox 1431 1737 1562 1804; x_wconf 90' lang='grc'><strong>38-39</strong></span> <span class='ocrx_word' id='word_1_94' title='bbox 1578 1755 1688 1800; x_wconf 90' lang='lat' dir='ltr'><strong>secum</strong></span> <span class='ocrx_word' id='word_1_95' title='bbox 1702 1732 1786 1799; x_wconf 93' lang='lat' dir='ltr'><strong>bene</strong></span> 
     </span>
     <span class='ocr_line' id='line_1_11' title="bbox 443 1837 1785 1924; baseline -0.003 -17"><span class='ocrx_word' id='word_1_96' title='bbox 443 1839 605 1907; x_wconf 87' lang='lat' dir='ltr'><strong>cohaeret.</strong></span> <span class='ocrx_word' id='word_1_97' title='bbox 651 1839 793 1924; x_wconf 89' lang='lat' dir='ltr'><strong>paucula</strong></span> <span class='ocrx_word' id='word_1_98' title='bbox 821 1844 931 1905; x_wconf 92' lang='lat' dir='ltr'><strong>tamen</strong></span> <span class='ocrx_word' id='word_1_99' title='bbox 960 1839 1184 1906; x_wconf 87' lang='lat' dir='ltr'><strong>additamenta</strong></span> <span class='ocrx_word' id='word_1_100' title='bbox 1219 1839 1422 1924; x_wconf 88' lang='lat' dir='ltr'><strong>segreganda</strong></span> <span class='ocrx_word' id='word_1_101' title='bbox 1452 1845 1538 1906; x_wconf 93' lang='lat' dir='ltr'><strong>sunt.</strong></span> <span class='ocrx_word' id='word_1_102' title='bbox 1583 1861 1660 1904; x_wconf 90' lang='lat' dir='ltr'><strong>nam</strong></span> <span class='ocrx_word' id='word_1_103' title='bbox 1691 1837 1785 1903; x_wconf 93' lang='lat' dir='ltr'><strong>initio</strong></span> 
     </span>
     <span class='ocr_line' id='line_1_12' title="bbox 444 1943 1787 2030; baseline -0.007 -14"><span class='ocrx_word' id='word_1_104' title='bbox 444 1947 531 2030; x_wconf 72' lang='lat'><strong>§39</strong></span> <span class='ocrx_word' id='word_1_105' title='bbox 561 1943 722 2030; x_wconf 85' lang='lat' dir='ltr'><strong>quaedam</strong></span> <span class='ocrx_word' id='word_1_106' title='bbox 752 1965 793 2010; x_wconf 87' lang='lat' dir='ltr'><strong>ex</strong></span> <span class='ocrx_word' id='word_1_107' title='bbox 815 1944 987 2011; x_wconf 81' lang='lat' dir='ltr'><strong>Mucianae</strong></span> <span class='ocrx_word' id='word_1_108' title='bbox 1013 1945 1192 2010; x_wconf 79' lang='lat' dir='ltr'><strong>Armeniae</strong></span> <span class='ocrx_word' id='word_1_109' title='bbox 1223 1943 1439 2029; x_wconf 80' lang='lat' dir='ltr'>descriptione</span> <span class='ocrx_word' id='word_1_110' title='bbox 1471 1951 1680 2030; x_wconf 87' lang='lat' dir='ltr'><strong>repetuntur:</strong></span> <span class='ocrx_word' id='word_1_111' title='bbox 1714 1944 1787 2008; x_wconf 80' lang='lat' dir='ltr'><strong>boec</strong></span> 
     </span>
     <span class='ocr_line' id='line_1_13' title="bbox 443 2049 1786 2137; baseline -0.003 -20"><span class='ocrx_word' id='word_1_112' title='bbox 443 2073 514 2137; x_wconf 76' lang='lat' dir='ltr'><strong>gens</strong></span> <span class='ocrx_word' id='word_1_113' title='bbox 536 2051 572 2136; x_wconf 89' lang='lat' dir='ltr'><strong>(i.</strong></span> <span class='ocrx_word' id='word_1_114' title='bbox 594 2050 733 2135; x_wconf 88' lang='lat' dir='ltr'><strong>Albani)</strong></span> <span class='ocrx_word' id='word_1_115' title='bbox 755 2050 911 2137; x_wconf 69' lang='lat' dir='ltr'><strong>superflua</strong></span> <span class='ocrx_word' id='word_1_116' title='bbox 933 2051 1079 2114; x_wconf 78' lang='lat' dir='ltr'><strong>montibus</strong></span> <span class='ocrx_word' id='word_1_117' title='bbox 1105 2049 1248 2115; x_wconf 81' lang='lat' dir='ltr'><strong>Caucasia</strong></span> <span class='ocrx_word' id='word_1_118' title='bbox 1271 2053 1314 2115; x_wconf 86' lang='lat' dir='ltr'><strong>ad</strong></span> <span class='ocrx_word' id='word_1_119' title='bbox 1337 2049 1450 2137; x_wconf 69' lang='lat' dir='ltr'><strong>(lyram</strong></span> <span class='ocrx_word' id='word_1_120' title='bbox 1472 2073 1599 2124; x_wconf 83' lang='lat' dir='ltr'><strong>amnem,</strong></span> <span class='ocrx_word' id='word_1_121' title='bbox 1623 2051 1786 2114; x_wconf 72' lang='lat' dir='ltr'><strong>Ameriae</strong></span> 
     </span>
     <span class='ocr_line' id='line_1_14' title="bbox 443 2155 1786 2243; baseline -0.001 -21"><span class='ocrx_word' id='word_1_122' title='bbox 443 2158 602 2243; x_wconf 81' lang='lat' dir='ltr'><strong>confinium</strong></span> <span class='ocrx_word' id='word_1_123' title='bbox 623 2169 711 2243; x_wconf 80' lang='lat' dir='ltr'><strong>etque</strong></span> <span class='ocrx_word' id='word_1_124' title='bbox 735 2156 882 2222; x_wconf 77' lang='lat' dir='ltr'><strong>Hiberiae</strong></span> <span class='ocrx_word' id='word_1_125' title='bbox 908 2159 1062 2230; x_wconf 74' lang='grc' dir='ltr'><strong>666661ιά66,</strong></span> <span class='ocrx_word' id='word_1_126' title='bbox 1086 2169 1120 2220; x_wconf 79' lang='lat' dir='ltr'><strong>ut</strong></span> <span class='ocrx_word' id='word_1_127' title='bbox 1141 2159 1254 2222; x_wconf 83' lang='lat' dir='ltr'><strong>dictum</strong></span> <span class='ocrx_word' id='word_1_128' title='bbox 1276 2169 1318 2221; x_wconf 87' lang='lat' dir='ltr'><strong>est</strong></span> <span class='ocrx_word' id='word_1_129' title='bbox 1340 2160 1383 2240; x_wconf 83' lang='lat'><strong>(6,</strong></span> <span class='ocrx_word' id='word_1_130' title='bbox 1396 2160 1463 2237; x_wconf 87' lang='lat'><strong>29).</strong></span> <span class='ocrx_word' id='word_1_131' title='bbox 1509 2156 1636 2222; x_wconf 82' lang='lat' dir='ltr'><strong>deinde.</strong></span> <span class='ocrx_word' id='word_1_132' title='bbox 1656 2157 1690 2221; x_wconf 86' lang='lat' dir='ltr'><strong>in</strong></span> <span class='ocrx_word' id='word_1_133' title='bbox 1719 2155 1786 2221; x_wconf 87' lang='lat' dir='ltr'><strong>fine</strong></span> 
     </span>
     <span class='ocr_line' id='line_1_15' title="bbox 444 2263 1786 2350; baseline 0.001 -21"><span class='ocrx_word' id='word_1_134' title='bbox 444 2264 661 2349; x_wconf 79' lang='lat' dir='ltr'><strong>fragmentum</strong></span> <span class='ocrx_word' id='word_1_135' title='bbox 691 2264 863 2350; x_wconf 84' lang='lat' dir='ltr'><strong>Agrippae</strong></span> <span class='ocrx_word' id='word_1_136' title='bbox 895 2265 981 2331; x_wconf 87' lang='lat' dir='ltr'><strong>male</strong></span> <span class='ocrx_word' id='word_1_137' title='bbox 1009 2264 1251 2350; x_wconf 88' lang='lat' dir='ltr'><strong>adglutinatum</strong></span> <span class='ocrx_word' id='word_1_138' title='bbox 1281 2270 1341 2343; x_wconf 90' lang='lat' dir='ltr'><strong>est,</strong></span> <span class='ocrx_word' id='word_1_139' title='bbox 1378 2264 1411 2331; x_wconf 94' lang='lat' dir='ltr'><strong>id</strong></span> <span class='ocrx_word' id='word_1_140' title='bbox 1442 2263 1538 2349; x_wconf 92' lang='grc'><strong>6666</strong></span> <span class='ocrx_word' id='word_1_141' title='bbox 1559 2269 1648 2330; x_wconf 90' lang='lat' dir='ltr'><strong>recte</strong></span> <span class='ocrx_word' id='word_1_142' title='bbox 1684 2264 1786 2330; x_wconf 90' lang='lat' dir='ltr'><strong>sensit</strong></span> 
     </span>
     <span class='ocr_line' id='line_1_16' title="bbox 444 2356 1785 2458; baseline -0.001 -20"><span class='ocrx_word' id='word_1_143' title='bbox 444 2369 729 2458; x_wconf 52' lang='lat' dir='ltr'><strong>Oehmichenusb.</strong></span> <span class='ocrx_word' id='word_1_144' title='bbox 768 2373 908 2440; x_wconf 81' lang='lat' dir='ltr'><strong>debebat</strong></span> <span class='ocrx_word' id='word_1_145' title='bbox 931 2374 1017 2440; x_wconf 91' lang='lat' dir='ltr'><strong>enim</strong></span> <span class='ocrx_word' id='word_1_146' title='bbox 1038 2356 1115 2457; x_wconf 82' lang='lat' dir='ltr'><strong>post</strong></span> <span class='ocrx_word' id='word_1_147' title='bbox 1130 2373 1209 2440; x_wconf 81' lang='lat' dir='ltr'><strong>Gasi</strong></span> <span class='ocrx_word' id='word_1_148' title='bbox 1231 2373 1333 2458; x_wconf 88' lang='lat' dir='ltr'><strong>ipsius</strong></span> <span class='ocrx_word' id='word_1_149' title='bbox 1356 2372 1551 2438; x_wconf 84' lang='lat' dir='ltr'><strong>mentionem</strong></span> <span class='ocrx_word' id='word_1_150' title='bbox 1573 2372 1682 2439; x_wconf 91' lang='lat' dir='ltr'><strong>inseri.</strong></span> <span class='ocrx_word' id='word_1_151' title='bbox 1726 2371 1785 2436; x_wconf 88' lang='lat' dir='ltr'><strong>sed</strong></span> 
     </span>
     <span class='ocr_line' id='line_1_17' title="bbox 443 2475 1785 2565; baseline 0 -23"><span class='ocrx_word' id='word_1_152' title='bbox 443 2476 572 2544; x_wconf 79' lang='lat' dir='ltr'><strong>Plinius</strong></span> <span class='ocrx_word' id='word_1_153' title='bbox 598 2479 792 2565; x_wconf 89' lang='lat' dir='ltr'><strong>paulopost</strong></span> <span class='ocrx_word' id='word_1_154' title='bbox 815 2478 850 2544; x_wconf 94' lang='lat' dir='ltr'><strong>id</strong></span> <span class='ocrx_word' id='word_1_155' title='bbox 872 2479 1086 2565; x_wconf 80' lang='lat' dir='ltr'><strong>interspersit,</strong></span> <span class='ocrx_word' id='word_1_156' title='bbox 1117 2499 1158 2544; x_wconf 90' lang='lat' dir='ltr'><strong>ue</strong></span> <span class='ocrx_word' id='word_1_157' title='bbox 1182 2478 1341 2544; x_wconf 88' lang='lat' dir='ltr'><strong>enuntiati</strong></span> <span class='ocrx_word' id='word_1_158' title='bbox 1364 2475 1501 2542; x_wconf 84' lang='lat' dir='ltr'><strong>formam</strong></span> <span class='ocrx_word' id='word_1_159' title='bbox 1524 2498 1542 2542; x_wconf 93' lang='lat' dir='ltr'><strong>e</strong></span> <span class='ocrx_word' id='word_1_160' title='bbox 1565 2475 1655 2542; x_wconf 85' lang='lat' dir='ltr'><strong>fonte</strong></span> <span class='ocrx_word' id='word_1_161' title='bbox 1677 2483 1785 2542; x_wconf 88' lang='lat' dir='ltr'><strong>trans-</strong></span> 
     </span>
     <span class='ocr_line' id='line_1_18' title="bbox 443 2584 897 2668; baseline 0.009 -20"><span class='ocrx_word' id='word_1_162' title='bbox 443 2584 545 2649; x_wconf 90' lang='lat' dir='ltr'><strong>latam</strong></span> <span class='ocrx_word' id='word_1_163' title='bbox 566 2591 694 2650; x_wconf 89' lang='lat' dir='ltr'><strong>mutare</strong></span> <span class='ocrx_word' id='word_1_164' title='bbox 716 2590 897 2668; x_wconf 86' lang='lat' dir='ltr'><strong>cogeretur.</strong></span> 
     </span>
    </p>

    <p class='ocr_par' dir='ltr' id='par_1_4' title="bbox 442 2688 1786 4058">
     <span class='ocr_line' id='line_1_19' title="bbox 554 2688 1786 2776; baseline -0.002 -21"><span class='ocrx_word' id='word_1_165' title='bbox 554 2689 630 2756; x_wconf 93' lang='lat' dir='ltr'><strong>hinc</strong></span> <span class='ocrx_word' id='word_1_166' title='bbox 652 2712 673 2756; x_wconf 88' lang='lat' dir='ltr'><strong>a</strong></span> <span class='ocrx_word' id='word_1_167' title='bbox 695 2691 852 2776; x_wconf 91' lang='lat' dir='ltr'><strong>periegesi</strong></span> <span class='ocrx_word' id='word_1_168' title='bbox 873 2712 986 2757; x_wconf 88' lang='lat' dir='ltr'><strong>rursus</strong></span> <span class='ocrx_word' id='word_1_169' title='bbox 1014 2689 1159 2756; x_wconf 90' lang='lat' dir='ltr'><strong>deflectit</strong></span> <span class='ocrx_word' id='word_1_170' title='bbox 1181 2689 1317 2771; x_wconf 84' lang='lat' dir='ltr'><strong>Plinius,</strong></span> <span class='ocrx_word' id='word_1_171' title='bbox 1348 2693 1387 2754; x_wconf 92' lang='lat' dir='ltr'><strong>ut</strong></span> <span class='ocrx_word' id='word_1_172' title='bbox 1410 2691 1441 2772; x_wconf 90' lang='lat'><strong>6,</strong></span> <span class='ocrx_word' id='word_1_173' title='bbox 1453 2691 1586 2758; x_wconf 86' lang='grc'><strong>41-46</strong></span> <span class='ocrx_word' id='word_1_174' title='bbox 1609 2688 1786 2754; x_wconf 87' lang='lat' dir='ltr'><strong>Persarum</strong></span> 
     </span>
     <span class='ocr_line' id='line_1_20' title="bbox 443 2794 1786 2886; baseline -0.004 -23"><span class='ocrx_word' id='word_1_175' title='bbox 443 2797 704 2883; x_wconf 87' lang='lat' dir='ltr'><strong>Parthorumque</strong></span> <span class='ocrx_word' id='word_1_176' title='bbox 727 2821 832 2884; x_wconf 92' lang='lat' dir='ltr'><strong>regna</strong></span> <span class='ocrx_word' id='word_1_177' title='bbox 855 2804 888 2865; x_wconf 91' lang='lat' dir='ltr'><strong>et</strong></span> <span class='ocrx_word' id='word_1_178' title='bbox 908 2798 1052 2865; x_wconf 85' lang='lat' dir='ltr'><strong>Mediam</strong></span> <span class='ocrx_word' id='word_1_179' title='bbox 1075 2795 1279 2886; x_wconf 71' lang='lat' dir='ltr'><strong>tractaret8).</strong></span> <span class='ocrx_word' id='word_1_180' title='bbox 1327 2816 1411 2880; x_wconf 92' lang='lat' dir='ltr'><strong>quae</strong></span> <span class='ocrx_word' id='word_1_181' title='bbox 1433 2795 1608 2879; x_wconf 85' lang='lat' dir='ltr'><strong>descriptio</strong></span> <span class='ocrx_word' id='word_1_182' title='bbox 1636 2815 1658 2858; x_wconf 91' lang='lat' dir='ltr'><strong>a</strong></span> <span class='ocrx_word' id='word_1_183' title='bbox 1679 2794 1786 2878; x_wconf 90' lang='lat' dir='ltr'><strong>perie-</strong></span> 
     </span>
     <span class='ocr_line' id='line_1_21' title="bbox 442 2899 1784 2989; baseline -0.004 -19"><span class='ocrx_word' id='word_1_184' title='bbox 442 2905 510 2988; x_wconf 90' lang='lat' dir='ltr'><strong>gesi</strong></span> <span class='ocrx_word' id='word_1_185' title='bbox 534 2925 572 2970; x_wconf 92' lang='lat' dir='ltr'><strong>eo</strong></span> <span class='ocrx_word' id='word_1_186' title='bbox 594 2906 799 2989; x_wconf 91' lang='lat' dir='ltr'><strong>potissimum</strong></span> <span class='ocrx_word' id='word_1_187' title='bbox 821 2906 950 2972; x_wconf 91' lang='lat' dir='ltr'><strong>nomine</strong></span> <span class='ocrx_word' id='word_1_188' title='bbox 972 2904 1169 2971; x_wconf 89' lang='lat' dir='ltr'><strong>secernenda</strong></span> <span class='ocrx_word' id='word_1_189' title='bbox 1191 2908 1251 2980; x_wconf 90' lang='lat' dir='ltr'><strong>est,</strong></span> <span class='ocrx_word' id='word_1_190' title='bbox 1275 2902 1361 2987; x_wconf 93' lang='lat' dir='ltr'><strong>quod</strong></span> <span class='ocrx_word' id='word_1_191' title='bbox 1383 2901 1554 2968; x_wconf 85' lang='lat' dir='ltr'><strong>Adiabene</strong></span> <span class='ocrx_word' id='word_1_192' title='bbox 1582 2907 1616 2966; x_wconf 92' lang='lat' dir='ltr'><strong>et</strong></span> <span class='ocrx_word' id='word_1_193' title='bbox 1638 2899 1784 2985; x_wconf 86' lang='lat' dir='ltr'><strong>Mesopo-</strong></span> 
     </span>
     <span class='ocr_line' id='line_1_22' title="bbox 443 3007 1785 3099; baseline -0.003 -22"><span class='ocrx_word' id='word_1_194' title='bbox 443 3011 544 3078; x_wconf 88' lang='lat' dir='ltr'><strong>temia</strong></span> <span class='ocrx_word' id='word_1_195' title='bbox 570 3015 601 3093; x_wconf 83' lang='grc'><strong>6,</strong></span> <span class='ocrx_word' id='word_1_196' title='bbox 615 3016 657 3084; x_wconf 91' lang='lat'><strong>66</strong></span> <span class='ocrx_word' id='word_1_197' title='bbox 688 3014 732 3079; x_wconf 90' lang='lat' dir='ltr'><strong>ad</strong></span> <span class='ocrx_word' id='word_1_198' title='bbox 756 3011 885 3099; x_wconf 84' lang='lat' dir='ltr'><strong>Syriam</strong></span> <span class='ocrx_word' id='word_1_199' title='bbox 915 3010 1109 3091; x_wconf 83' lang='lat' dir='ltr'><strong>referuntur,</strong></span> <span class='ocrx_word' id='word_1_200' title='bbox 1144 3011 1235 3075; x_wconf 89' lang='lat' dir='ltr'><strong>cuius</strong></span> <span class='ocrx_word' id='word_1_201' title='bbox 1265 3007 1459 3075; x_wconf 88' lang='lat' dir='ltr'><strong>definitionis</strong></span> <span class='ocrx_word' id='word_1_202' title='bbox 1489 3030 1576 3075; x_wconf 91' lang='lat' dir='ltr'><strong>nuno</strong></span> <span class='ocrx_word' id='word_1_203' title='bbox 1604 3007 1690 3075; x_wconf 84' lang='lat' dir='ltr'><strong>ratio</strong></span> <span class='ocrx_word' id='word_1_204' title='bbox 1721 3028 1785 3073; x_wconf 89' lang='lat' dir='ltr'><strong>non</strong></span> 
     </span>
     <span class='ocr_line' id='line_1_23' title="bbox 443 3114 1785 3205; baseline -0.003 -22"><span class='ocrx_word' id='word_1_205' title='bbox 443 3118 597 3185; x_wconf 77' lang='lat' dir='ltr'><strong>habeturr</strong></span> <span class='ocrx_word' id='word_1_206' title='bbox 620 3119 745 3185; x_wconf 86' lang='lat' dir='ltr'><strong>accedit</strong></span> <span class='ocrx_word' id='word_1_207' title='bbox 768 3120 856 3205; x_wconf 92' lang='grc'><strong>6666</strong></span> <span class='ocrx_word' id='word_1_208' title='bbox 878 3121 912 3185; x_wconf 89' lang='lat' dir='ltr'><strong>in</strong></span> <span class='ocrx_word' id='word_1_209' title='bbox 934 3119 1095 3203; x_wconf 91' lang='lat' dir='ltr'><strong>periegesi</strong></span> <span class='ocrx_word' id='word_1_210' title='bbox 1121 3139 1160 3183; x_wconf 87' lang='grc'><strong>66</strong></span> <span class='ocrx_word' id='word_1_211' title='bbox 1182 3138 1259 3200; x_wconf 90' lang='lat' dir='ltr'><strong>pars</strong></span> <span class='ocrx_word' id='word_1_212' title='bbox 1281 3117 1381 3181; x_wconf 91' lang='lat' dir='ltr'><strong>maris</strong></span> <span class='ocrx_word' id='word_1_213' title='bbox 1406 3114 1518 3201; x_wconf 83' lang='lat' dir='ltr'><strong>Caspii</strong></span> <span class='ocrx_word' id='word_1_214' title='bbox 1548 3136 1647 3200; x_wconf 87' lang='lat' dir='ltr'><strong>quam</strong></span> <span class='ocrx_word' id='word_1_215' title='bbox 1668 3114 1785 3180; x_wconf 83' lang='lat' dir='ltr'><strong>Parthi</strong></span> 
     </span>
     <span class='ocr_line' id='line_1_24' title="bbox 443 3219 1784 3308; baseline -0.001 -21"><span class='ocrx_word' id='word_1_216' title='bbox 443 3223 631 3306; x_wconf 88' lang='lat' dir='ltr'><strong>Persaeque</strong></span> <span class='ocrx_word' id='word_1_217' title='bbox 652 3224 811 3302; x_wconf 81' lang='lat' dir='ltr'><strong>accolunt,</strong></span> <span class='ocrx_word' id='word_1_218' title='bbox 844 3224 964 3289; x_wconf 89' lang='lat' dir='ltr'><strong>diserte</strong></span> <span class='ocrx_word' id='word_1_219' title='bbox 987 3223 1144 3308; x_wconf 81' lang='lat' dir='ltr'><strong>Caspium</strong></span> <span class='ocrx_word' id='word_1_220' title='bbox 1166 3223 1349 3306; x_wconf 82' lang='lat' dir='ltr'><strong>specialiter</strong></span> <span class='ocrx_word' id='word_1_221' title='bbox 1372 3228 1505 3288; x_wconf 88' lang='lat' dir='ltr'><strong>vocatur</strong></span> <span class='ocrx_word' id='word_1_222' title='bbox 1537 3224 1568 3302; x_wconf 91' lang='lat'><strong>6,</strong></span> <span class='ocrx_word' id='word_1_223' title='bbox 1582 3224 1624 3292; x_wconf 88' lang='grc'><strong>39</strong></span> <span class='ocrx_word' id='word_1_224' title='bbox 1648 3219 1704 3289; x_wconf 92' lang='lat' dir='ltr'><strong>fin.</strong></span> <span class='ocrx_word' id='word_1_225' title='bbox 1750 3227 1784 3287; x_wconf 91' lang='lat' dir='ltr'><strong>at</strong></span> 
     </span>
     <span class='ocr_line' id='line_1_25' title="bbox 443 3325 1784 3414; baseline -0.006 -15"><span class='ocrx_word' id='word_1_226' title='bbox 443 3333 475 3406; x_wconf 89' lang='grc'><strong>6,</strong></span> <span class='ocrx_word' id='word_1_227' title='bbox 488 3336 530 3399; x_wconf 92' lang='grc'><strong>41</strong></span> <span class='ocrx_word' id='word_1_228' title='bbox 555 3330 757 3414; x_wconf 84' lang='lat' dir='ltr'><strong>Hyrcanium</strong></span> <span class='ocrx_word' id='word_1_229' title='bbox 779 3352 838 3414; x_wconf 93' lang='lat' dir='ltr'><strong>pro</strong></span> <span class='ocrx_word' id='word_1_230' title='bbox 861 3352 898 3396; x_wconf 91' lang='lat' dir='ltr'><strong>eo</strong></span> <span class='ocrx_word' id='word_1_231' title='bbox 921 3330 1050 3395; x_wconf 92' lang='lat' dir='ltr'><strong>nomine</strong></span> <span class='ocrx_word' id='word_1_232' title='bbox 1073 3336 1131 3399; x_wconf 89' lang='lat' dir='ltr'><strong>est.</strong></span> <span class='ocrx_word' id='word_1_233' title='bbox 1179 3329 1348 3396; x_wconf 86' lang='lat' dir='ltr'><strong>exordium</strong></span> <span class='ocrx_word' id='word_1_234' title='bbox 1371 3335 1479 3395; x_wconf 90' lang='lat' dir='ltr'><strong>autem</strong></span> <span class='ocrx_word' id='word_1_235' title='bbox 1502 3329 1630 3394; x_wconf 87' lang='lat' dir='ltr'><strong>ducitur</strong></span> <span class='ocrx_word' id='word_1_236' title='bbox 1652 3325 1694 3393; x_wconf 89' lang='lat' dir='ltr'><strong>ab</strong></span> <span class='ocrx_word' id='word_1_237' title='bbox 1718 3326 1784 3391; x_wconf 92' lang='lat' dir='ltr'><strong>Ar·</strong></span> 
     </span>
     <span class='ocr_line' id='line_1_26' title="bbox 443 3435 1784 3523; baseline 0 -22"><span class='ocrx_word' id='word_1_238' title='bbox 443 3436 570 3502; x_wconf 88' lang='lat' dir='ltr'><strong>meniae</strong></span> <span class='ocrx_word' id='word_1_239' title='bbox 592 3435 721 3516; x_wconf 88' lang='lat' dir='ltr'><strong>finibus,</strong></span> <span class='ocrx_word' id='word_1_240' title='bbox 746 3437 833 3502; x_wconf 92' lang='lat' dir='ltr'><strong>unde</strong></span> <span class='ocrx_word' id='word_1_241' title='bbox 847 3436 1019 3502; x_wconf 84' lang='lat' dir='ltr'><strong>Mucianea</strong></span> <span class='ocrx_word' id='word_1_242' title='bbox 1038 3436 1091 3503; x_wconf 93' lang='lat' dir='ltr'><strong>hic</strong></span> <span class='ocrx_word' id='word_1_243' title='bbox 1113 3437 1249 3503; x_wconf 88' lang='lat' dir='ltr'><strong>inveniri</strong></span> <span class='ocrx_word' id='word_1_244' title='bbox 1271 3435 1492 3523; x_wconf 68' lang='lat' dir='ltr'><strong>conieceris4).</strong></span> <span class='ocrx_word' id='word_1_245' title='bbox 1532 3437 1583 3501; x_wconf 92' lang='lat' dir='ltr'><strong>cui</strong></span> <span class='ocrx_word' id='word_1_246' title='bbox 1606 3435 1784 3501; x_wconf 85' lang='lat' dir='ltr'><strong>sententiae</strong></span> 
     </span>
     <span class='ocr_line' id='line_1_27' title="bbox 442 3539 1782 3628; baseline 0.001 -20"><span class='ocrx_word' id='word_1_247' title='bbox 442 3541 531 3609; x_wconf 87' lang='lat' dir='ltr'><strong>haud</strong></span> <span class='ocrx_word' id='word_1_248' title='bbox 552 3543 623 3609; x_wconf 84' lang='lat' dir='ltr'><strong>leve</strong></span> <span class='ocrx_word' id='word_1_249' title='bbox 645 3543 878 3615; x_wconf 82' lang='lat' dir='ltr'><strong>adminiculum</strong></span> <span class='ocrx_word' id='word_1_250' title='bbox 900 3544 1072 3611; x_wconf 89' lang='lat' dir='ltr'><strong>succrescit</strong></span> <span class='ocrx_word' id='word_1_251' title='bbox 1095 3564 1134 3611; x_wconf 90' lang='lat' dir='ltr'><strong>ec</strong></span> <span class='ocrx_word' id='word_1_252' title='bbox 1157 3544 1244 3628; x_wconf 91' lang='lat' dir='ltr'><strong>quod</strong></span> <span class='ocrx_word' id='word_1_253' title='bbox 1258 3544 1341 3610; x_wconf 88' lang='lat' dir='ltr'><strong>situs</strong></span> <span class='ocrx_word' id='word_1_254' title='bbox 1355 3540 1495 3609; x_wconf 89' lang='lat' dir='ltr'><strong>Nesebis</strong></span> <span class='ocrx_word' id='word_1_255' title='bbox 1518 3549 1551 3608; x_wconf 94' lang='lat' dir='ltr'><strong>et</strong></span> <span class='ocrx_word' id='word_1_256' title='bbox 1568 3539 1678 3608; x_wconf 82' lang='lat' dir='ltr'><strong>Gazae</strong></span> <span class='ocrx_word' id='word_1_257' title='bbox 1694 3544 1725 3625; x_wconf 89' lang='lat'><strong>6,</strong></span> <span class='ocrx_word' id='word_1_258' title='bbox 1739 3544 1782 3609; x_wconf 84' lang='lat'><strong>42</strong></span> 
     </span>
     <span class='ocr_line' id='line_1_28' title="bbox 442 3646 1785 3720; baseline -0.001 -6"><span class='ocrx_word' id='word_1_259' title='bbox 442 3648 484 3715; x_wconf 93' lang='grc'><strong>66</strong></span> <span class='ocrx_word' id='word_1_260' title='bbox 507 3649 682 3715; x_wconf 85' lang='lat' dir='ltr'><strong>Artaxatis</strong></span> <span class='ocrx_word' id='word_1_261' title='bbox 706 3650 877 3720; x_wconf 90' lang='lat' dir='ltr'><strong>indicatur.</strong></span> <span class='ocrx_word' id='word_1_262' title='bbox 924 3650 985 3716; x_wconf 90' lang='lat' dir='ltr'><strong>hcc</strong></span> <span class='ocrx_word' id='word_1_263' title='bbox 1007 3650 1094 3715; x_wconf 91' lang='lat' dir='ltr'><strong>enim</strong></span> <span class='ocrx_word' id='word_1_264' title='bbox 1116 3650 1180 3715; x_wconf 88' lang='lat' dir='ltr'><strong>iter</strong></span> <span class='ocrx_word' id='word_1_265' title='bbox 1202 3671 1275 3715; x_wconf 90' lang='lat' dir='ltr'><strong>cum</strong></span> <span class='ocrx_word' id='word_1_266' title='bbox 1298 3648 1482 3716; x_wconf 86' lang='lat' dir='ltr'><strong>Oorbuloue</strong></span> <span class='ocrx_word' id='word_1_267' title='bbox 1505 3646 1675 3713; x_wconf 86' lang='lat' dir='ltr'><strong>Mucianus</strong></span> <span class='ocrx_word' id='word_1_268' title='bbox 1707 3666 1785 3713; x_wconf 87' lang='lat' dir='ltr'><strong>cou-</strong></span> 
     </span>
     <span class='ocr_line' id='line_1_29' title="bbox 442 3753 1784 3841; baseline -0.004 -19"><span class='ocrx_word' id='word_1_269' title='bbox 442 3756 529 3826; x_wconf 87' lang='lat' dir='ltr'><strong>fecit.</strong></span> <span class='ocrx_word' id='word_1_270' title='bbox 568 3767 667 3841; x_wconf 90' lang='lat' dir='ltr'><strong>atque</strong></span> <span class='ocrx_word' id='word_1_271' title='bbox 689 3758 723 3823; x_wconf 92' lang='lat' dir='ltr'><strong>in</strong></span> <span class='ocrx_word' id='word_1_272' title='bbox 746 3779 783 3824; x_wconf 93' lang='grc' dir='ltr'><strong>6ο</strong></span> <span class='ocrx_word' id='word_1_273' title='bbox 806 3757 893 3825; x_wconf 89' lang='grc'><strong>66116</strong></span> <span class='ocrx_word' id='word_1_274' title='bbox 916 3757 1034 3823; x_wconf 90' lang='lat' dir='ltr'><strong>itinera</strong></span> <span class='ocrx_word' id='word_1_275' title='bbox 1056 3761 1245 3841; x_wconf 91' lang='lat' dir='ltr'><strong>computata</strong></span> <span class='ocrx_word' id='word_1_276' title='bbox 1268 3776 1336 3822; x_wconf 91' lang='lat' dir='ltr'><strong>esse</strong></span> <span class='ocrx_word' id='word_1_277' title='bbox 1352 3760 1483 3839; x_wconf 90' lang='lat' dir='ltr'><strong>praeter</strong></span> <span class='ocrx_word' id='word_1_278' title='bbox 1505 3757 1536 3836; x_wconf 91' lang='lat'><strong>6,</strong></span> <span class='ocrx_word' id='word_1_279' title='bbox 1550 3756 1594 3822; x_wconf 87' lang='lat'><strong>40</strong></span> <span class='ocrx_word' id='word_1_280' title='bbox 1616 3753 1710 3819; x_wconf 89' lang='lat' dir='ltr'><strong>testis</strong></span> <span class='ocrx_word' id='word_1_281' title='bbox 1734 3758 1784 3818; x_wconf 91' lang='lat' dir='ltr'><strong>est</strong></span> 
     </span>
     <span class='ocr_line' id='line_1_30' title="bbox 442 3857 1784 3948; baseline -0.003 -19"><span class='ocrx_word' id='word_1_282' title='bbox 442 3862 580 3942; x_wconf 85' lang='lat' dir='ltr'><strong>Statius,</strong></span> <span class='ocrx_word' id='word_1_283' title='bbox 604 3869 660 3946; x_wconf 90' lang='lat' dir='ltr'><strong>qui</strong></span> <span class='ocrx_word' id='word_1_284' title='bbox 679 3861 757 3933; x_wconf 79' lang='lat' dir='ltr'><strong>silv.</strong></span> <span class='ocrx_word' id='word_1_285' title='bbox 782 3867 812 3946; x_wconf 81' lang='lat'><strong>5,</strong></span> <span class='ocrx_word' id='word_1_286' title='bbox 826 3867 858 3948; x_wconf 88' lang='lat'><strong>2,</strong></span> <span class='ocrx_word' id='word_1_287' title='bbox 871 3866 913 3932; x_wconf 85' lang='lat'><strong>43</strong></span> <span class='ocrx_word' id='word_1_288' title='bbox 931 3862 1094 3930; x_wconf 90' lang='lat' dir='ltr'><strong>Bolanum</strong></span> <span class='ocrx_word' id='word_1_289' title='bbox 1116 3883 1213 3946; x_wconf 87' lang='lat' dir='ltr'><strong>agros</strong></span> <span class='ocrx_word' id='word_1_290' title='bbox 1234 3883 1382 3927; x_wconf 91' lang='lat' dir='ltr'><strong>mensum</strong></span> <span class='ocrx_word' id='word_1_291' title='bbox 1405 3882 1475 3926; x_wconf 91' lang='lat' dir='ltr'><strong>esse</strong></span> <span class='ocrx_word' id='word_1_292' title='bbox 1497 3859 1600 3925; x_wconf 90' lang='lat' dir='ltr'><strong>tradit</strong></span> <span class='ocrx_word' id='word_1_293' title='bbox 1622 3857 1676 3945; x_wconf 84' lang='lat' dir='ltr'><strong>(cf.</strong></span> <span class='ocrx_word' id='word_1_294' title='bbox 1692 3858 1784 3930; x_wconf 91' lang='lat' dir='ltr'><strong>Voll-</strong></span> 
     </span>
     <span class='ocr_line' id='line_1_31' title="bbox 444 3968 1785 4058; baseline -0.001 -23"><span class='ocrx_word' id='word_1_295' title='bbox 444 3972 526 4037; x_wconf 91' lang='lat' dir='ltr'><strong>meri</strong></span> <span class='ocrx_word' id='word_1_296' title='bbox 548 3970 746 4058; x_wconf 86' lang='lat' dir='ltr'><strong>explicatio).</strong></span> <span class='ocrx_word' id='word_1_297' title='bbox 785 3978 856 4037; x_wconf 91' lang='lat' dir='ltr'><strong>tum</strong></span> <span class='ocrx_word' id='word_1_298' title='bbox 878 3976 992 4056; x_wconf 89' lang='lat' dir='ltr'><strong>portae</strong></span> <span class='ocrx_word' id='word_1_299' title='bbox 1007 3968 1144 4055; x_wconf 76' lang='lat' dir='ltr'><strong>Caspiae</strong></span> <span class='ocrx_word' id='word_1_300' title='bbox 1161 3968 1339 4035; x_wconf 85' lang='lat' dir='ltr'><strong>secundum</strong></span> <span class='ocrx_word' id='word_1_301' title='bbox 1354 3968 1541 4035; x_wconf 89' lang='lat' dir='ltr'><strong>Mucianum</strong></span> <span class='ocrx_word' id='word_1_302' title='bbox 1556 3972 1785 4050; x_wconf 89' lang='lat' dir='ltr'><strong>nuncupantur</strong></span> 
     </span>
    </p>
   </div>
   <div class='ocr_carea' id='block_1_3' title="bbox 442 4081 1783 4267">
    <p class='ocr_par' dir='ltr' id='par_1_5' title="bbox 442 4081 1783 4267">
     <span class='ocr_line' id='line_1_32' title="bbox 442 4081 1783 4267; baseline -0.004 -19"><span class='ocrx_word' id='word_1_303' title='bbox 442 4081 474 4160; x_wconf 52' lang='grc'><strong>6,</strong></span> <span class='ocrx_word' id='word_1_304' title='bbox 487 4081 541 4147; x_wconf 42' lang='grc'><strong>43.</strong></span> <span class='ocrx_word' id='word_1_305' title='bbox 556 4082 724 4267; x_wconf 65' lang='grc' dir='ltr'><strong>16411666ίί</strong></span> <span class='ocrx_word' id='word_1_306' title='bbox 747 4183 847 4246; x_wconf 90' lang='lat' dir='ltr'><strong>maris</strong></span> <span class='ocrx_word' id='word_1_307' title='bbox 870 4181 1008 4247; x_wconf 89' lang='lat' dir='ltr'><strong>circuitu</strong></span> <span class='ocrx_word' id='word_1_308' title='bbox 1031 4183 1062 4263; x_wconf 93' lang='lat'><strong>6,</strong></span> <span class='ocrx_word' id='word_1_309' title='bbox 1076 4182 1118 4250; x_wconf 91' lang='grc'><strong>39</strong></span> <span class='ocrx_word' id='word_1_310' title='bbox 1142 4199 1245 4264; x_wconf 85' lang='grc'><strong>66666</strong></span> <span class='ocrx_word' id='word_1_311' title='bbox 1271 4179 1314 4245; x_wconf 87' lang='grc'><strong>66</strong></span> <span class='ocrx_word' id='word_1_312' title='bbox 1338 4178 1473 4265; x_wconf 83' lang='lat' dir='ltr'><strong>Oaspios</strong></span> <span class='ocrx_word' id='word_1_313' title='bbox 1495 4185 1686 4264; x_wconf 83' lang='lat' dir='ltr'><strong>perventum</strong></span> <span class='ocrx_word' id='word_1_314' title='bbox 1718 4182 1783 4243; x_wconf 87' lang='lat' dir='ltr'><strong>est:</strong></span> 
     </span>
    </p>
   </div>
   <div class='ocr_carea' id='block_1_4' title="bbox 442 4425 1784 4851">
    <p class='ocr_par' dir='ltr' id='par_1_6' title="bbox 442 4425 1784 4587">
     <span class='ocr_line' id='line_1_33' title="bbox 552 4425 1784 4502; baseline -0.004 -18"><span class='ocrx_word' id='word_1_315' title='bbox 552 4432 571 4502; x_wconf 87' lang='lat'><strong>¹)</strong></span> <span class='ocrx_word' id='word_1_316' title='bbox 590 4430 713 4485; x_wconf 89' lang='lat' dir='ltr'><strong>Dimens.</strong></span> <span class='ocrx_word' id='word_1_317' title='bbox 733 4432 748 4484; x_wconf 93' lang='lat'>1</span> <span class='ocrx_word' id='word_1_318' title='bbox 768 4428 854 4483; x_wconf 86' lang='lat' dir='ltr'><strong>verba</strong></span> <span class='ocrx_word' id='word_1_319' title='bbox 872 4426 1028 4481; x_wconf 88' lang='lat' dir='ltr'><strong>adulterata</strong></span> <span class='ocrx_word' id='word_1_320' title='bbox 1047 4428 1119 4482; x_wconf 89' lang='lat' dir='ltr'><strong>sunt.</strong></span> <span class='ocrx_word' id='word_1_321' title='bbox 1157 4425 1187 4480; x_wconf 93' lang='lat' dir='ltr'><strong>id</strong></span> <span class='ocrx_word' id='word_1_322' title='bbox 1204 4425 1278 4495; x_wconf 93' lang='lat' dir='ltr'><strong>quod</strong></span> <span class='ocrx_word' id='word_1_323' title='bbox 1293 4443 1349 4480; x_wconf 91' lang='lat' dir='ltr'><strong>non</strong></span> <span class='ocrx_word' id='word_1_324' title='bbox 1361 4425 1462 4481; x_wconf 90' lang='lat' dir='ltr'><strong>mirum</strong></span> <span class='ocrx_word' id='word_1_325' title='bbox 1475 4428 1525 4493; x_wconf 87' lang='lat' dir='ltr'><strong>est,</strong></span> <span class='ocrx_word' id='word_1_326' title='bbox 1544 4425 1708 4494; x_wconf 89' lang='lat' dir='ltr'><strong>praesertim</strong></span> <span class='ocrx_word' id='word_1_327' title='bbox 1721 4442 1784 4481; x_wconf 88' lang='lat' dir='ltr'><strong>cum</strong></span> 
     </span>
     <span class='ocr_line' id='line_1_34' title="bbox 442 4513 1782 4587; baseline -0.002 -15"><span class='ocrx_word' id='word_1_328' title='bbox 442 4521 540 4572; x_wconf 87' lang='lat' dir='ltr'><strong>auctor</strong></span> <span class='ocrx_word' id='word_1_329' title='bbox 551 4519 662 4573; x_wconf 92' lang='lat' dir='ltr'><strong>initium</strong></span> <span class='ocrx_word' id='word_1_330' title='bbox 676 4534 786 4587; x_wconf 90' lang='lat' dir='ltr'><strong>quoque</strong></span> <span class='ocrx_word' id='word_1_331' title='bbox 797 4516 874 4571; x_wconf 89' lang='lat' dir='ltr'><strong>aliud</strong></span> <span class='ocrx_word' id='word_1_332' title='bbox 886 4516 1065 4571; x_wconf 90' lang='lat' dir='ltr'><strong>constituerit</strong></span> <span class='ocrx_word' id='word_1_333' title='bbox 1077 4519 1161 4585; x_wconf 91' lang='lat' dir='ltr'><strong>atque</strong></span> <span class='ocrx_word' id='word_1_334' title='bbox 1173 4514 1308 4586; x_wconf 88' lang='lat' dir='ltr'><strong>Agrippa.</strong></span> <span class='ocrx_word' id='word_1_335' title='bbox 1339 4516 1407 4570; x_wconf 88' lang='lat' dir='ltr'><strong>item</strong></span> <span class='ocrx_word' id='word_1_336' title='bbox 1418 4514 1495 4569; x_wconf 87' lang='lat' dir='ltr'><strong>valet</strong></span> <span class='ocrx_word' id='word_1_337' title='bbox 1508 4513 1543 4568; x_wconf 91' lang='lat' dir='ltr'><strong>de</strong></span> <span class='ocrx_word' id='word_1_338' title='bbox 1555 4513 1654 4571; x_wconf 87' lang='lat' dir='ltr'><strong>Oresio</strong></span> <span class='ocrx_word' id='word_1_339' title='bbox 1668 4518 1693 4585; x_wconf 87' lang='lat'><strong>1,</strong></span> <span class='ocrx_word' id='word_1_340' title='bbox 1704 4516 1729 4581; x_wconf 88' lang='grc'><strong>2,</strong></span> <span class='ocrx_word' id='word_1_341' title='bbox 1739 4516 1782 4570; x_wconf 79' lang='grc'><strong>61.</strong></span> 
     </span>
    </p>

    <p class='ocr_par' dir='ltr' id='par_1_7' title="bbox 550 4606 964 4677">
     <span class='ocr_line' id='line_1_35' title="bbox 550 4606 964 4677; baseline -0.005 -14"><span class='ocrx_word' id='word_1_342' title='bbox 550 4608 573 4676; x_wconf 82' lang='lat'><strong>²)</strong></span> <span class='ocrx_word' id='word_1_343' title='bbox 593 4606 668 4663; x_wconf 77' lang='lat' dir='ltr'><strong>Ptin.</strong></span> <span class='ocrx_word' id='word_1_344' title='bbox 686 4606 764 4663; x_wconf 72' lang='lat' dir='ltr'><strong>scau.</strong></span> <span class='ocrx_word' id='word_1_345' title='bbox 784 4607 856 4664; x_wconf 87' lang='grc'><strong>1880</strong></span> <span class='ocrx_word' id='word_1_346' title='bbox 873 4625 901 4677; x_wconf 88' lang='lat' dir='ltr'><strong>p.</strong></span> <span class='ocrx_word' id='word_1_347' title='bbox 920 4606 964 4661; x_wconf 85' lang='lat'><strong>21.</strong></span> 
     </span>
    </p>

    <p class='ocr_par' dir='ltr' id='par_1_8' title="bbox 442 4690 1784 4851">
     <span class='ocr_line' id='line_1_36' title="bbox 550 4690 1784 4769; baseline -0.002 -20"><span class='ocrx_word' id='word_1_348' title='bbox 550 4698 572 4768; x_wconf 86' lang='lat'><strong>⁸)</strong></span> <span class='ocrx_word' id='word_1_349' title='bbox 590 4697 727 4766; x_wconf 90' lang='lat' dir='ltr'><strong>pluralem</strong></span> <span class='ocrx_word' id='word_1_350' title='bbox 754 4714 839 4769; x_wconf 77' lang='lat' dir='ltr'><strong>regna</strong></span> <span class='ocrx_word' id='word_1_351' title='bbox 865 4712 934 4752; x_wconf 90' lang='lat' dir='ltr'><strong>cave</strong></span> <span class='ocrx_word' id='word_1_352' title='bbox 961 4695 1037 4750; x_wconf 88' lang='lat' dir='ltr'><strong>dicas</strong></span> <span class='ocrx_word' id='word_1_353' title='bbox 1065 4698 1211 4765; x_wconf 89' lang='lat' dir='ltr'><strong>poetarum</strong></span> <span class='ocrx_word' id='word_1_354' title='bbox 1238 4710 1316 4750; x_wconf 88' lang='lat' dir='ltr'><strong>more</strong></span> <span class='ocrx_word' id='word_1_355' title='bbox 1343 4693 1406 4748; x_wconf 93' lang='lat' dir='ltr'><strong>dici.</strong></span> <span class='ocrx_word' id='word_1_356' title='bbox 1443 4708 1509 4746; x_wconf 90' lang='lat' dir='ltr'><strong>nam</strong></span> <span class='ocrx_word' id='word_1_357' title='bbox 1532 4694 1557 4764; x_wconf 89' lang='lat'><strong>6,</strong></span> <span class='ocrx_word' id='word_1_358' title='bbox 1570 4693 1622 4747; x_wconf 84' lang='lat'><strong>112</strong></span> <span class='ocrx_word' id='word_1_359' title='bbox 1645 4690 1693 4746; x_wconf 92' lang='lat' dir='ltr'><strong>ubi</strong></span> <span class='ocrx_word' id='word_1_360' title='bbox 1715 4692 1784 4746; x_wconf 87' lang='lat' dir='ltr'><strong>item</strong></span> 
     </span>
     <span class='ocr_line' id='line_1_37' title="bbox 442 4779 1784 4851; baseline -0.004 -8"><span class='ocrx_word' id='word_1_361' title='bbox 442 4786 586 4843; x_wconf 80' lang='lat' dir='ltr'><strong>Mucianea</strong></span> <span class='ocrx_word' id='word_1_362' title='bbox 607 4788 717 4840; x_wconf 85' lang='lat' dir='ltr'><strong>servata</strong></span> <span class='ocrx_word' id='word_1_363' title='bbox 739 4802 799 4840; x_wconf 87' lang='lat' dir='ltr'><strong>esse</strong></span> <span class='ocrx_word' id='word_1_364' title='bbox 825 4785 898 4840; x_wconf 89' lang='lat' dir='ltr'><strong>inira</strong></span> <span class='ocrx_word' id='word_1_365' title='bbox 920 4784 1111 4840; x_wconf 87' lang='lat' dir='ltr'><strong>demonstrare</strong></span> <span class='ocrx_word' id='word_1_366' title='bbox 1134 4783 1302 4850; x_wconf 83' lang='lat' dir='ltr'><strong>conabimur,</strong></span> <span class='ocrx_word' id='word_1_367' title='bbox 1330 4786 1414 4851; x_wconf 90' lang='lat' dir='ltr'><strong>caput</strong></span> <span class='ocrx_word' id='word_1_368' title='bbox 1440 4780 1634 4851; x_wconf 89' lang='lat' dir='ltr'><strong>descriptionis</strong></span> <span class='ocrx_word' id='word_1_369' title='bbox 1652 4779 1784 4837; x_wconf 83' lang='lat' dir='ltr'><strong>Parthiae</strong></span> 
     </span>
    </p>
   </div>
   <div class='ocr_carea' id='block_1_5' title="bbox 441 4872 1784 5034">
    <p class='ocr_par' dir='ltr' id='par_1_9' title="bbox 441 4872 1784 5034">
     <span class='ocr_line' id='line_1_38' title="bbox 441 4872 1248 4946; baseline -0.001 -15"><span class='ocrx_word' id='word_1_370' title='bbox 441 4880 546 4932; x_wconf 86' lang='lat' dir='ltr'><strong>exstat:</strong></span> <span class='ocrx_word' id='word_1_371' title='bbox 564 4890 648 4946; x_wconf 74' lang='grc'><strong>66666</strong></span> <span class='ocrx_word' id='word_1_372' title='bbox 666 4874 837 4930; x_wconf 71' lang='lat' dir='ltr'><strong>Parthorum</strong></span> <span class='ocrx_word' id='word_1_373' title='bbox 856 4873 1045 4945; x_wconf 67' lang='grc'><strong>6666666166·</strong></span> <span class='ocrx_word' id='word_1_374' title='bbox 1061 4877 1130 4931; x_wconf 81' lang='lat' dir='ltr'><strong>aaut</strong></span> <span class='ocrx_word' id='word_1_375' title='bbox 1146 4872 1248 4930; x_wconf 74' lang='lat' dir='ltr'><strong>omnia.</strong></span> 
     </span>
     <span class='ocr_line' id='line_1_39' title="bbox 550 4956 1784 5034; baseline -0.003 -17"><span class='ocrx_word' id='word_1_376' title='bbox 550 4963 573 5034; x_wconf 86' lang='lat'><strong>⁴)</strong></span> <span class='ocrx_word' id='word_1_377' title='bbox 592 4962 710 5017; x_wconf 85' lang='lat' dir='ltr'><strong>revertit</strong></span> <span class='ocrx_word' id='word_1_378' title='bbox 726 4959 834 5017; x_wconf 84' lang='lat' dir='ltr'><strong>Plinius</strong></span> <span class='ocrx_word' id='word_1_379' title='bbox 853 4962 889 5017; x_wconf 90' lang='lat' dir='ltr'><strong>ad</strong></span> <span class='ocrx_word' id='word_1_380' title='bbox 907 4962 1076 5025; x_wconf 77' lang='lat' dir='ltr'><strong>Mucianum,</strong></span> <span class='ocrx_word' id='word_1_381' title='bbox 1096 4980 1158 5017; x_wconf 91' lang='lat' dir='ltr'><strong>cum</strong></span> <span class='ocrx_word' id='word_1_382' title='bbox 1177 4964 1202 5029; x_wconf 90' lang='lat'><strong>6,</strong></span> <span class='ocrx_word' id='word_1_383' title='bbox 1212 4964 1248 5019; x_wconf 82' lang='lat'><strong>40</strong></span> <span class='ocrx_word' id='word_1_384' title='bbox 1266 4962 1346 5016; x_wconf 89' lang='lat' dir='ltr'><strong>illurn</strong></span> <span class='ocrx_word' id='word_1_385' title='bbox 1363 4959 1400 5014; x_wconf 90' lang='lat' dir='ltr'><strong>de</strong></span> <span class='ocrx_word' id='word_1_386' title='bbox 1419 4956 1527 5027; x_wconf 83' lang='lat' dir='ltr'><strong>Oaspiis</strong></span> <span class='ocrx_word' id='word_1_387' title='bbox 1550 4956 1642 5026; x_wconf 89' lang='lat' dir='ltr'><strong>portis</strong></span> <span class='ocrx_word' id='word_1_388' title='bbox 1662 4973 1784 5013; x_wconf 89' lang='lat' dir='ltr'><strong>errorem</strong></span> 
     </span>
    </p>
   </div>
   <div class='ocr_carea' id='block_1_6' title="bbox 440 5052 787 5123">
    <p class='ocr_par' dir='ltr' id='par_1_10' title="bbox 440 5052 787 5123">
     <span class='ocr_line' id='line_1_40' title="bbox 440 5052 787 5123; baseline 0 -16"><span class='ocrx_word' id='word_1_389' title='bbox 440 5052 595 5123; x_wconf 88' lang='lat' dir='ltr'><strong>corrigeret</strong></span> <span class='ocrx_word' id='word_1_390' title='bbox 612 5068 645 5107; x_wconf 90' lang='lat' dir='ltr'><strong>eo</strong></span> <span class='ocrx_word' id='word_1_391' title='bbox 664 5053 787 5107; x_wconf 89' lang='lat' dir='ltr'><strong>auctore.</strong></span> 
     </span>
    </p>
   </div>
   <div class='ocr_carea' id='block_1_7' title="bbox 0 0 2142 6022">
    <p class='ocr_par' dir='ltr' id='par_1_11' title="bbox 0 0 2142 6022">
     <span class='ocr_line' id='line_1_41' title="bbox 0 0 2142 6022; baseline 0 0"><span class='ocrx_word' id='word_1_392' title='bbox 0 0 2142 6022; x_wconf 95' lang='lat' dir='ltr'><strong> </strong></span> 
     </span>
    </p>
   </div>
  </div>
 </body>
</html>
