4275 6025
1012 744 1076 807 179

936 831 1152 842 ε...-

382 955 506 1022 Tharsos
528 957 622 1038 (Art.
645 955 689 1024 ib.
718 954 898 1041 Τάρσοορος
920 954 1003 1023 rab.
1019 955 1114 1022 Peut.
1139 954 1281 1020 Tassiros.
1329 951 1447 1039 Geogr.
1465 953 1609 1020 Ravenu.
1625 957 1713 1036 5,10
1788 1024 1790 1028 ,

375 1085 408 1149 p.
431 1066 496 1134 367
523 1062 724 1150 Pasirae).

377 1183 380 1190 '
487 1172 553 1236 iam
576 1170 746 1253 sequentia
768 1189 937 1254 compono:
960 1167 1137 1253 Astclphus:
1160 1165 1237 1232 Arr.
1255 1169 1341 1246 10‚3
1359 1161 1559 1253 Ἀστέλεφος.
1594 1165 1711 1253 Geagr.

374 1276 520 1344 Ravenn.
552 1280 640 1358 5,10
669 1273 832 1361 Stclippon.
877 1274 959 1340 rab.
983 1274 1078 1340 Peut.
1102 1273 1248 1359 Stcmpco.

485 1403 556 1466 pens
578 1381 721 1444 Absilae:
744 1381 822 1446 Arr.
847 1383 934 1462 11,ss
955 1374 1086 1465 Ἀψίλαι

378 1501 382 1507 ’
487 1488 636 1552 castalium
657 1487 854 1572 Sebastopolis
876 1510 896 1548 a
919 1486 1052 1550 Phashlc
1077 1475 1115 1550 U·
1138 1484 1218 1550 Arr-
1243 1487 1295 1564 10,
1309 1486 1340 1552 3·
1364 1488 1386 1551 4

438 1613 440 1618 ’
484 1616 557 1679 pens
578 1592 779 1657 Sanicarum:
802 1593 879 1662 Arr.
905 1595 991 1674 11,3
1015 1595 1150 1676 Σανίγαι
1173 1591 1274 1677 (rs-3
1297 1589 1446 1675 Σανίχαι)

486 1700 651 1783 segregavi
680 1721 720 1764 ex
751 1699 845 1763 initio
876 1701 961 1785 6,14
984 1698 1084 1762 verba
1104 1719 1176 1783 pens
1198 1694 1314 1760 Saltiae
1336 1696 1468 1780 antiquis
1490 1694 1714 1781 Phthiraphapi

374 1808 448 1870 dicti
461 1817 489 1870 cc
503 1806 566 1870 alia
581 1804 681 1869 Sanni
694 1827 766 1872 cum
781 1810 914 1890 propter
928 1803 1048 1870 Melam
1064 1804 1189 1892 (1,110
1204 1803 1419 1889 Pthirophapi)
1436 1808 1506 1867 tum
1521 1803 1599 1887 quis
1611 1801 1712 1869 Sanni

374 1913 422 1978 illi
452 1914 507 1979 vix
538 1912 656 1978 diversi
688 1919 766 1978 sunt
799 1933 820 1977 a
851 1910 1006 1996 Suauisl)
1038 1931 1120 1994 quos
1151 1931 1191 1974 ex
1222 1909 1398 1977 Itinerario
1429 1907 1543 1975 laudat
1569 1909 1711 1977 Plinius:

370 2019 488 2104 flumen
511 2017 647 2083 Chobum
677 2041 713 2082 ca
742 2017 875 2082 Caucaso
903 2039 959 2103 pcc
988 2015 1109 2081 Suanos
1136 2016 1240 2099 fluens.
1293 2022 1401 2081 tamen
1432 2015 1531 2081 nolim
1564 2017 1712 2083 omittere

375 2123 502 2191 Suanos
525 2122 613 2205 apud
628 2123 707 2191 Arr.
725 2129 777 2205 11,
792 2131 809 2192 1
827 2123 1069 2188 commemorari
1086 2120 1263 2207 (11811111.
1278 2125 1343 2190 548
1359 2118 1473 2185 Σάννοι
1488 2118 1543 2200 οὓς
1557 2120 1712 2209 πρότερον

374 2227 507 2294 ἐκάλουν
531 2226 730 2314 Μάκρωνας),
775 2250 871 2313 porra
904 2232 990 2311 6111
1023 2228 1065 2293 ab
1089 2227 1264 2294 Itinerario
1296 2226 1409 2310 procul
1432 2227 1590 2295 habenda.
1636 2250 1711 2294 uam

374 2335 564 2401 Dioscurias
595 2335 706 2400 eadem
735 2335 814 2400 urbs
849 2342 899 2400 est
930 2356 1014 2419 quae
1043 2336 1078 2400 iu
1106 2355 1145 2400 eo
1168 2333 1388 2418 Sebastopolis
1409 2334 1538 2416 dicitur,
1563 2334 1599 2400 id
1622 2333 1710 2417 quad

374 2441 518 2506 Plinium
533 2440 629 2524 fugit.
660 2439 776 2506 deinde
790 2438 832 2505 ad
848 2441 979 2506 nomina
993 2441 1075 2524 rapio
1092 2438 1202 2512 Colr'ca,
1219 2486 1227 2502 .
1245 2485 1254 2502 .
1271 2486 1279 2501 .
1296 2439 1518 2504 Melanchlacni
1534 2437 1713 2506 Coraci...

375 2546 568 2613 Achaei
599 2543 730 2610 Caeciae
762 2545 801 2614 cf.
835 2544 924 2610 Mela
956 2542 1066 2628 1,110
1095 2556 1194 2631 pentes
1303 2544 1531 2609 Melanchlacna
1565 2544 1708 2628 Toretica,

374 2675 425 2718 sac
449 2651 572 2731 Goliam,
600 2650 739 2717 Cmunici
760 2653 962 2738 Pthirophapi
983 2651 1133 2716 Heniochi
1153 2652 1270 2716 Achaei
1289 2649 1436 2722 Cercetici.
1467 2654 1615 2738 pergitur
1636 2653 1710 2719 inde

374 2759 462 2842 6,17
477 2759 584 2824 verbis
599 2761 632 2822 in
654 2781 708 2821 oca
731 2769 830 2823 auam
851 2761 938 2822 iacta
959 2756 1091 2822 Garoias
1114 2779 1178 2843 eqs.
1226 2780 1303 2843 erga
1318 2760 1610 2846 quaeinterposita
1624 2766 1708 2841 sunt,

375 2867 421 2932 eis
436 2866 482 2930 nil
497 2885 571 2930 cum
587 2866 753 2949 periegesi.
788 2874 822 2930 et
832 2887 946 2931 revera
957 2866 1073 2950 Pityus
1085 2866 1204 2952 (Phptis
1216 2864 1325 2952 codd.)
1338 2866 1426 2951 apud
1438 2867 1610 2932 Arrianum
1623 2869 1675 2950 18,
1690 2873 1709 2936 1

374 2975 530 3041 laudatur
567 2969 757 3060 ὁρμηθεῖσιν
790 2962 845 3039 οὖν
879 2971 913 3038 ἐκ
947 2970 1197 3061 Διοοκοοριάόος
1230 2978 1375 3059 πρῶτος·
1392 2968 1433 3038 cir
1465 2969 1514 3060 sin
1548 2968 1645 3059 ὅρμος
1678 2969 1710 3036 ἒν

372 3076 552 3149 Πιτυοῦντι.
611 3080 818 3165 quamobrem
851 3080 1052 3145 intercedere
1086 3102 1150 3146 non
1183 3087 1320 3164 possunt
1353 3085 1465 3163 gentes
1502 3077 1710 3143 Achaeorum

372 3186 562 3253 Mardorum
586 3184 805 3252 Oercetarum.
852 3184 968 3251 deinde
991 3184 1162 3252 Sarmatae
1192 3191 1225 3251 et
1249 3183 1461 3252 Sauromatae
1487 3184 1522 3249 in
1552 3184 1710 3268 periegesi

373 3292 421 3358 ibi
441 3293 548 3359 locum
571 3312 636 3357 non
657 3291 789 3360 habent.
836 3292 975 3376 denique
1006 3293 1065 3358 ille
1095 3293 1136 3358 de
1158 3291 1361 3358 Mithridatis
1390 3291 1470 3375 fuga
1499 3297 1626 3376 tempus
1658 3292 1708 3357 in·

373 3398 493 3475 dicant,
524 3418 590 3480 quo
612 3396 665 3459 alla
684 3397 839 3460 taumatia
860 3409 1014 3482 comperta
1036 3409 1106 3461 sunt
1121 3399 1168 3483 (6,
1181 3398 1225 3485 3).
1264 3420 1328 3483 quo
1351 3397 1421 3465 loca
1437 3398 1552 3463 merito
1568 3419 1645 3463 usus
1660 3408 1709 3468 est

373 3501 615 3589 Detlslsanusss)
647 3502 689 3567 ad
719 3509 848 3587 tempus
872 3502 1098 3571 deliniendum.
1144 3504 1231 3569 idem
1254 3505 1395 3571 Plinium
1418 3506 1524 3591 ipsum
1547 3506 1708 3589 quaedam

372 3632 414 3676 ex
445 3609 638 3675 Mithridate
672 3631 750 3693 rege
784 3610 991 3695 exquisivisse
1025 3610 1172 3689 coniecit,
1206 3618 1341 3696 propter
1371 3612 1482 3677 verba:
1518 3613 1709 3697 namasitquo

372 3720 501 3805 (nempe
531 3715 610 3781 dum
639 3715 765 3781 Romae
786 3717 991 3799 versabatur)
1018 3716 1129 3779 lhclos
1150 3717 1189 3779 iis
1212 3738 1272 3781 csse
1294 3719 1415 3800 confinis
1438 3738 1505 3802 eqs.

483 3823 517 3887 in
539 3821 673 3907 reliquis
697 3844 736 3888 ex
751 3823 926 3890 Itinerario
949 3831 1036 3889 certe
1059 3828 1209 3908 sumptae
1231 3829 1307 3888 suut
1329 3844 1512 3891 mensurae:
1535 3822 1616 3908 (Aci
1635 3846 1708 3890 aum

371 3928 491 4014 oppido
514 3927 618 3993 Hiera
648 3934 683 3994 et
711 3928 856 4012 flumine)
883 3929 922 3991 ah
951 3928 1099 3995 Heracleo
1127 3922 1267 3994 CXXX
1276 3930 1325 3993 VI
1341 3982 1349 4000 .
1368 3980 1401 3997 ..
1425 3932 1527 3995 civims
1548 3929 1707 4016 Sindr'ca‘)

371 4035 411 4098 ab
421 4034 518 4099 Hiero
529 4026 716 4101 [XVII-D
731 4084 738 4101 .
754 4087 763 4102 .
778 4082 786 4098 .
802 4038 872 4099 indc
886 4037 928 4098 ad
938 4036 1071 4122 Bospori
1081 4036 1237 4102 Cimmerii
1250 4038 1406 4101 introitum
1419 4028 1706 4103 UTI-(WB.

397 4190 400 4197 .
484 4141 542 4207 sed
571 4163 769 4227 quamquam
792 4142 931 4208 Toretae
961 4143 1043 4209 falso
1075 4145 1146 4210 laco
1177 4143 1266 4227 apud
1287 4142 1409 4210 Melam
1431 4143 1499 4215 lh
1528 4144 1613 4209 inter
1639 4143 1707 4209 eius

370 4254 497 4315 mactus
512 4254 624 4333 gentes
640 4257 877 4331 enumerantur,
902 4270 975 4315 cum
991 4251 1105 4316 eodem
1121 4249 1261 4337 (1,112)
1278 4252 1365 4332 6,18
1381 4250 1421 4315 de
1437 4249 1562 4333 oppidis
1577 4254 1708 4333 praeter

371 4356 554 4440 Bosporum
577 4354 648 4419 sitis
670 4374 844 4419 consensus
867 4363 926 4420 est.

482 4465 586 4526 restat
608 4465 646 4524 ut
668 4459 970 4543 cncumspiciamus
1006 4465 1174 4526 exstentne
1201 4458 1281 4525 alibi
1303 4458 1399 4526 huius
1425 4458 1707 4529 dimensurstionis

371 4567 517 4651 vestigia.
572 4585 611 4630 ac
642 4564 683 4629 de
714 4568 744 4643 6,
758 4569 801 4634 32
825 4565 992 4652 Apollonia
1018 4565 1151 4651 Thynias
1182 4567 1271 4650 dicta,
1307 4578 1341 4630 ut
1364 4548 1589 4651 distinpuerctur
1611 4568 1650 4631 ah
1672 4590 1707 4632 ca

371 4695 449 4759 qrcac
479 4684 520 4736 cst
549 4674 582 4734 in
604 4671 741 4757 Europa.
787 4672 879 4735 distat
908 4673 1070 4737 continents
1099 4696 1131 4759 p.
1161 4672 1210 4756 M,
1241 4675 1372 4758 cinpitnr
1402 4664 1468 4737 ῙῙῙ
1493 4673 1705 4750 dubitaverim

480 4866 501 4935 ¹)
523 4865 663 4921 Turtures
680 4865 821 4921 Barbarus
839 4866 965 4922 coniecit.

480 4956 502 5024 ²)
521 4954 556 5009 cl.
575 4955 758 5010 recentiorem
777 4956 850 5025 apud
869 4954 1035 5010 Strabonem
1052 4957 1106 5013 497
1125 4956 1279 5012 doctrinam
1298 4956 1410 5010 Σοάνοι.

480 5043 621 5115 ⁸)Philol.
640 5044 674 5098 16
694 5046 785 5116 (1888)
803 5063 829 5114 p.
849 5045 910 5101 702.

479 5132 502 5203 ⁴)
521 5130 605 5187 Sindi
621 5130 696 5186 Mela
714 5133 810 5196 1,111.
848 5129 960 5184 Σινδικῆ
979 5134 1043 5189 1111.
1063 5134 1106 5202 18,
1116 5134 1141 5190 4.
