4275 6025
1000 717 1065 782 209

484 931 597 999 eodem
612 947 709 1016 opere
725 933 895 1017 Augusteo
910 933 944 997 in
956 929 1069 999 Gallia
1085 927 1298 997 describenda
1312 948 1407 994 usum
1422 947 1492 994 esse
1508 926 1700 994 Strabonem

338 1025 340 1030 ¹
369 1040 445 1116 177,
483 1039 541 1106 ubi
583 1039 625 1106 ab
661 1040 814 1124 Augusto
854 1036 995 1106 Caesare
1026 1037 1240 1123 Aquitaniam
1277 1034 1536 1120 quattuordecim
1573 1034 1700 1120 populis

370 1152 500 1212 auctam
524 1167 594 1213 esse
616 1147 745 1232 legitur,
769 1145 941 1214 Schweder
962 1169 995 1231 p.
1019 1148 1062 1216 78
1084 1150 1197 1230 putat;
1229 1144 1269 1211 of.
1302 1144 1398 1210 etiam
1429 1165 1460 1228 p.
1494 1146 1548 1222 77,
1576 1142 1632 1208 ubi
1660 1140 1701 1207 de

370 1251 481 1320 Strab.
508 1255 572 1323 189
596 1254 675 1337 egit,
698 1275 762 1338 quo
786 1253 856 1321 loeo
878 1254 988 1340 populi
1011 1253 1212 1339 Aquitaniae
1235 1254 1466 1319 enumerantur
1488 1255 1520 1315 et
1543 1250 1600 1333 qui
1616 1250 1701 1315 anti·

371 1359 486 1444 quitus
508 1360 551 1426 ad
581 1381 653 1426 eam
682 1367 804 1428 terram
826 1361 1034 1446 pertinebant
1056 1366 1089 1427 et
1111 1361 1169 1445 qui
1191 1360 1233 1426 ab
1257 1357 1409 1443 Augusto
1432 1357 1552 1423 adiecti
1579 1346 1700 1444 sunt1).

303 1495 305 1502 ·
373 1473 484 1533 tamen
507 1471 540 1532 et
562 1467 644 1534 situs
666 1467 751 1533 ratio
773 1466 887 1534 habita
909 1473 968 1550 est,
991 1488 1051 1532 neo
1075 1466 1118 1532 ad
1139 1467 1326 1532 litterarum
1349 1463 1494 1531 ordinem
1516 1462 1628 1549 populi
1647 1468 1703 1528 aut

370 1574 459 1659 apud
482 1573 626 1640 Plinium
649 1580 707 1640 aut
729 1573 816 1661 apud
839 1575 1032 1642 Strabonem
1055 1579 1293 1641 enumerantur.
1340 1571 1426 1638 unde
1448 1575 1601 1636 neutrum
1630 1569 1701 1655 ipso

369 1680 521 1766 Augusto
544 1703 639 1748 usum
662 1701 731 1748 esse
754 1681 960 1747 manifestum
983 1686 1042 1747 est.

480 1809 577 1872 porro
599 1787 783 1873 provinciae
804 1786 1028 1854 Narbonensis
1050 1787 1131 1854 fines
1159 1789 1333 1854 seeundum
1356 1787 1540 1872 Agrippam
1562 1787 1702 1851 circum-

369 1893 468 1960 scribi
490 1892 664 1961 Schweder
686 1893 849 1959 existimat
871 1915 904 1978 p.
929 1897 982 1964 73.
1016 1893 1051 1959 id
1075 1892 1161 1978 quod
1184 1895 1316 1960 minime
1338 1891 1510 1960 verisimile
1533 1898 1591 1959 est.
1627 1914 1702 1958 nam

370 2002 522 2086 Agrippa
542 2000 684 2085 Alpibus
707 2005 741 2089 et
763 2000 850 2067 saltu
872 1999 1039 2086 Pyrenaeo
1062 2001 1116 2084 (of.
1139 2022 1239 2086 supra
1261 2024 1291 2086 p.
1316 2004 1356 2072 61
1369 2000 1435 2088 sq.)
1458 1998 1703 2066 Narbonensem

370 2107 564 2189 terminavit,
599 2102 718 2172 Strabo
748 2112 858 2172 autem
890 2110 955 2177 178
983 2127 1044 2192 pro
1077 2107 1164 2173 saltu
1186 2107 1353 2193 Pyrenaeo
1385 2106 1543 2191 templum
1566 2104 1703 2174 Veneris

370 2210 590 2298 Pyrenaeae²)
622 2249 666 2262 -
697 2212 853 2296 quosdam
885 2233 990 2297 usque
1019 2212 1062 2278 ad
1093 2211 1229 2299 Pompei
1259 2216 1393 2297 tropaea
1427 2233 1498 2279 eam
1531 2211 1704 2278 extendere

372 2319 487 2386 asserit
509 2357 563 2398 -,
587 2340 647 2404 pro
662 2319 805 2405 Alpibus
828 2318 961 2386 fluvium
992 2319 1120 2389 Varum
1143 2324 1381 2387 commemorat.
1425 2339 1508 2403 quae
1523 2317 1704 2385 differentia

371 2447 409 2493 eo
438 2427 545 2492 minus
575 2425 777 2512 neglegenda
806 2430 865 2512 est,
899 2426 986 2511 qnod
1016 2426 1135 2494 Strabo
1165 2426 1245 2492 loeis
1275 2425 1472 2510 quibusdam
1494 2425 1527 2491 in
1554 2447 1611 2492 ora
1634 2426 1721 2493 sitis.

371 2535 477 2603 obiter
508 2536 663 2602 terminos
692 2535 824 2619 indicat,
858 2537 1009 2622 Agrippa
1038 2536 1119 2603 fines
1142 2541 1179 2601 ut
1201 2536 1249 2601 ita
1271 2534 1377 2601 dicam
1399 2533 1552 2621 perduxit
1585 2539 1618 2600 et
1640 2555 1704 2600 non

370 2643 501 2728 punetis
524 2645 694 2710 contentus
716 2643 836 2710 lineam
859 2642 974 2710 effecit.

482 2751 611 2817 omnino
635 2751 690 2816 ille
713 2750 919 2816 artificiosius
934 2749 1160 2816 Eratosthenis
1182 2770 1271 2817 more
1288 2749 1581 2835 parallelogrammi
1597 2747 1705 2834 figura

370 2855 615 2923 Narbonensem
646 2856 809 2940 describit,
841 2878 941 2941 quam
971 2856 1131 2923 rationem
1160 2877 1220 2922 neo
1249 2857 1318 2943 ipse
1348 2855 1503 2922 adhibere
1525 2857 1617 2936 solet,
1645 2877 1705 2922 neo

284 3050 286 3052 ι
318 2986 319 2989 ’
370 2965 554 3051 Agrippam
577 2971 725 3032 secutum
748 2985 817 3031 esse
840 2965 968 3033 seimus.

480 3079 661 3158 sequuntur
695 3073 793 3159 apud,
817 3072 1013 3140 Strabonem
1048 3071 1129 3159 (178
1163 3070 1232 3157 fin.)
1264 3071 1432 3137 itineraria
1455 3073 1528 3155 duo,
1564 3072 1704 3139 alterum

371 3177 503 3245 milibus
526 3186 717 3267 oonoeptum
739 3202 760 3247 a
781 3180 846 3247 fine
860 3180 1044 3266 provinciae
1058 3199 1117 3265 per
1132 3200 1225 3245 oram
1240 3199 1341 3264 usque
1357 3178 1399 3245 ad
1416 3178 1548 3259 Varum,
1565 3179 1705 3245 alterum

371 3283 476 3351 multo
498 3285 625 3370 longius
647 3286 770 3368 stadiis,
796 3307 880 3369 qnae
902 3284 1074 3353 Sohueder
1104 3306 1178 3351 oum
1195 3283 1418 3371 ,Peterseno⁸)
1450 3284 1705 3371 chorographiae

371 3387 499 3473 tribuit,
510 3397 682 3476 propterea
694 3391 782 3476 quod
797 3414 869 3458 oum
885 3393 958 3457 aliis
972 3393 1150 3459 itinerariis
1161 3392 1316 3460 Romanis
1329 3392 1362 3459 in
1374 3393 1557 3460 universum
1570 3413 1705 3460 eonsen-

370 3497 469 3563 tiunt.
499 3498 585 3582 quod
608 3519 806 3583 quamquam
826 3505 950 3565 eertum
965 3504 1024 3583 est,
1048 3505 1158 3567 tamen
1173 3521 1212 3566 ea
1228 3521 1267 3565 ex
1284 3498 1521 3585 chorographia
1536 3500 1705 3585 Agrippae
1796 3574 1797 3577 Ἴ

372 3610 502 3690 sumpta
535 3626 605 3671 esse
639 3606 770 3672 minime
804 3606 1041 3691 eomprobatur.
1099 3628 1175 3673 nam
1212 3605 1368 3673 Straboni
1406 3608 1462 3691 qui
1499 3606 1705 3673 nobilissimis

372 3708 497 3779 Romae
527 3711 605 3779 viris
639 3712 844 3780 familiariter
873 3714 1037 3794 utebatur,
1069 3718 1253 3799 promptum
1277 3713 1339 3779 fuit
1362 3734 1401 3779 ex
1423 3712 1560 3798 publicis
1584 3711 1705 3778 tabulis

372 3835 412 3881 ea
443 3819 628 3903 comperire.
674 3819 843 3886 itineraria
873 3825 983 3885 autem
1012 3820 1046 3884 in
1074 3817 1243 3904 Agrippae
1275 3818 1510 3885 commentariis
1539 3818 1706 3903 proposita

372 3922 472 3989 fuisse
504 3945 564 3991 neo
596 3924 850 3992 demonstratum
880 3931 931 3993 est
953 3947 1012 3991 neo
1034 3924 1215 3992 verisimile.
1262 3947 1338 3992 nam
1361 3946 1399 3994 ea
1421 3925 1499 4010 quin
1521 3925 1586 3991 iam
1609 3932 1706 3991 antea

373 4028 503 4114 publice
526 4031 665 4098 oolleota
687 4031 808 4098 fuerint
825 4034 860 4098 in
875 4054 969 4100 usum
985 4032 1244 4117 magistratuum,
1261 4053 1325 4098 non
1342 4038 1390 4098 est
1406 4030 1548 4101 dubium.
1580 4030 1706 4098 aceedit

373 4136 460 4220 quod
495 4158 534 4203 ea
566 4158 650 4222 quae
684 4137 772 4222 apud
801 4138 946 4204 Plinium
980 4141 1011 4219 3,
1028 4140 1072 4208 37
1107 4158 1147 4203 ex
1169 4137 1321 4224 Agrippa
1353 4136 1548 4222 referuntur,
1575 4138 1706 4204 minime

375 4242 519 4325 gentium
542 4244 746 4310 consentiunt
769 4266 842 4311 oum
865 4244 979 4329 spatiis
995 4240 1233 4311 Strabonianis.
1265 4243 1379 4309 morito
1402 4248 1512 4309 autem
1534 4242 1707 4310 Sohueder

373 4346 544 4417 Peterseni
565 4350 782 4417 coniecturam
804 4352 906 4431 reicit,
932 4351 990 4434 qui
1011 4350 1100 4417 Plini
1122 4370 1274 4416 numeros
1297 4350 1365 4415 sine
1388 4350 1456 4415 ulla
1475 4349 1706 4434 probabilitate

374 4453 417 4523 ad
440 4454 612 4523 Strabonis
636 4457 842 4542 corrigendos
865 4464 969 4544 putat.

483 4564 660 4633 manifesta
682 4586 759 4631 uero
782 4565 1038 4651 chorographiae
1059 4587 1137 4632 suae
1157 4566 1292 4648 vestigia
1308 4563 1478 4632 Sohweder
1499 4566 1563 4631 sibi
1577 4566 1705 4633 videtur

373 4676 511 4738 nanetus
544 4693 614 4740 esse
646 4672 734 4757 apud
766 4670 960 4741 Strabonem
992 4675 1056 4743 186
1065 4672 1103 4760 ⁴).
1150 4672 1196 4739 ait
1225 4672 1310 4738 enim
1340 4673 1413 4740 ille:
1440 4669 1637 4761 μητρόπολις
1671 4672 1706 4738 δὲ

482 4865 503 4937 ¹)
523 4867 570 4937 qui
587 4867 662 4938 apud
680 4866 802 4922 Plinium
822 4868 857 4936 (4,
870 4868 935 4939 108)
954 4884 1010 4921 non
1028 4867 1241 4937 distinguuntur.

482 4956 505 5024 ¹)
524 4956 563 5010 sio
581 4956 667 5010 etiam
684 4954 757 5011 Plin.
777 4957 803 5028 3,
816 4957 851 5012 22
869 4956 899 5009 in
916 4956 1059 5026 periegesi.

483 5042 624 5115 aaron.
641 5043 714 5101 lius.
734 5045 750 5100 9
769 5046 866 5116 (1854)
884 5063 912 5115 p.
932 5047 992 5116 102,
1012 5048 1072 5103 422.

481 5132 505 5201 ⁴)
523 5130 612 5189 Beitr.
631 5132 663 5187 H
682 5134 753 5191 1878
770 5150 799 5203 p.
818 5135 860 5190 56.
879 5135 922 5191 76.
941 5134 990 5191 ΙΠ
1008 5135 1078 5192 1883
1096 5150 1122 5205 p.
1142 5134 1184 5195 20.

426 5229 520 5281 Klots.
533 5231 677 5283 thlouu
688 5231 810 5275 rmum
