4275 6025
1055 674 1098 738 82

515 887 571 955 ille
594 890 708 955 auctor
730 907 753 951 x
775 885 849 969 quis
871 882 971 951 fuerit
993 884 1076 949 scire
1097 886 1210 949 nostra
1231 882 1434 967 potissimum
1457 883 1691 968 interestque
1713 885 1748 950 in

407 1014 445 1060 re
467 993 688 1079 cognoscenda
710 992 894 1059 Detlefseni
915 991 973 1058 illa
996 1011 1095 1076 quam
1121 990 1251 1074 saepius
1280 990 1599 1056 commemoravimus
1629 989 1746 1058 disser-

406 1101 531 1167 tatione
540 1099 568 1186 ¹)
591 1100 719 1185 egregie
735 1100 937 1178 adiuvamur,
961 1099 1017 1183 qui
1039 1097 1176 1164 eandem
1195 1118 1262 1181 qua
1275 1096 1403 1162 Plinius
1419 1096 1523 1162 ntitnr
1537 1097 1746 1180 partitionem

409 1224 486 1272 orae
508 1205 662 1291 Europae
684 1203 772 1289 apud
794 1203 915 1271 Melam
946 1224 1076 1289 quoque
1106 1224 1166 1288 pro
1193 1202 1405 1269 fundamento
1428 1203 1652 1289 descriptionis
1676 1225 1746 1271 esse

409 1313 515 1379 evicit.
561 1311 646 1378 hanc
676 1332 752 1378 vero
776 1310 935 1380 Varronis
967 1311 1163 1377 auctoritato
1192 1310 1404 1376 constitutam
1435 1331 1504 1375 esse
1534 1312 1675 1377 mamma
1705 1333 1747 1379 ex

407 1418 493 1485 Plin.
517 1421 548 1501 3,
562 1420 604 1489 95
627 1418 824 1502 perspicitur
847 1415 903 1483 ubi
925 1416 1014 1483 frons
1037 1415 1156 1482 Italiae
1179 1437 1263 1500 quae
1290 1415 1424 1481 interest
1445 1418 1533 1483 iuter
1554 1419 1695 1502 primum
1708 1425 1746 1485 et

408 1524 583 1593 secundnm
607 1524 759 1608 Europae
782 1523 899 1605 sinum,
923 1521 1044 1588 diserto
1067 1522 1253 1588 testimonio
1277 1521 1419 1591 Varroni
1442 1523 1648 1590 adscribitur.

513 1630 663 1698 adhunc
685 1632 788 1716 igitur
810 1630 987 1697 eommunis
1012 1630 1104 1714 origo
1127 1629 1276 1711 refertur,
1308 1630 1369 1695 hoo
1398 1638 1530 1697 auctore
1554 1653 1648 1696 usum
1672 1652 1743 1699 esse

404 1738 547 1805 Plinium
569 1758 669 1822 supra
690 1759 720 1822 p.
745 1739 819 1822 aeq,
844 1736 1059 1821 exposuimus.
1105 1755 1146 1801 ea
1172 1740 1281 1800 antem
1307 1755 1391 1818 quae
1416 1737 1628 1803 recentiorem
1654 1743 1742 1823 apud

405 1843 527 1911 Melam
557 1844 715 1928 originem
744 1864 824 1928 pree
854 1864 889 1908 se
910 1841 1028 1925 ferunt,
1061 1842 1104 1908 ad
1135 1841 1226 1907 illum
1256 1842 1447 1926 scriptorem
1473 1844 1635 1928 pertinere
1664 1866 1742 1911 eon·

407 1958 597 2019 sentaneum
630 1958 689 2030 est,
720 1952 778 2037 qui
806 1952 894 2017 inter
923 1972 996 2015 eum
1028 1955 1062 2015 et
1089 1948 1271 2018 Varronem
1303 1949 1485 2016 intercedit.
1530 1956 1566 2016 at
1595 1950 1745 2037 dicunt⁹)

405 2057 527 2124 Melam
549 2056 758 2143 Pliniumqne
788 2055 982 2142 quibusdam
1004 2055 1102 2121 rebus
1133 2056 1326 2134 consentire,
1357 2077 1441 2141 qnae
1470 2056 1559 2123 ultra
1580 2055 1742 2125 Varronis

406 2170 548 2232 aetatem
570 2164 759 2249 procedunt.
805 2186 893 2247 sane,
917 2163 974 2231 sed
997 2163 1059 2229 hae
1075 2163 1206 2246 quidem
1230 2163 1458 2229 similitudines
1477 2165 1512 2230 in
1532 2165 1578 2229 eis
1592 2164 1744 2249 partibus

405 2271 631 2355 descriptionis
653 2273 778 2356 positae
800 2277 886 2353 snut,
911 2269 1030 2357 quibus
1044 2270 1190 2337 Plinium
1212 2271 1386 2336 recentiori
1409 2272 1561 2355 scriptori
1583 2294 1619 2338 se
1642 2273 1744 2359 appli-

405 2399 495 2445 casse
517 2377 590 2444 aliis
605 2398 735 2463 quoqne
752 2377 934 2444 rationibus
948 2376 1155 2442 statuendum
1176 2382 1239 2442 est:
1262 2377 1296 2441 in
1312 2376 1478 2462 Hispania
1497 2379 1742 2464 septentrionali

404 2483 503 2567 (Plin.
534 2483 769 2565 4,111:Mela
799 2485 911 2569 3,13),
948 2484 982 2549 in
1012 2482 1219 2549 Mauretania
1255 2483 1355 2567 (Plin.
1389 2485 1597 2565 5,20:Me1a
1628 2492 1658 2568 1,
1671 2488 1740 2574 80),

405 2591 545 2660 colonias
561 2595 668 2657 autem
685 2612 706 2658 a
720 2590 828 2657 Plinio
844 2612 885 2657 ex
899 2590 1065 2657 latereulis
1080 2591 1235 2657 censoriis
1249 2590 1379 2657 additas
1395 2612 1464 2658 esse
1479 2597 1553 2677 post
1568 2589 1741 2661 (luntrium

402 2705 528 2765 certum
550 2704 610 2764 est.

510 2825 595 2890 quae
624 2826 698 2870 cum
726 2804 775 2870 ita
805 2805 879 2884 sint,
902 2804 1011 2870 Melae
1032 2804 1185 2889 Pliuique
1215 2824 1371 2869 consensu
1397 2804 1431 2868 in
1454 2805 1639 2871 universnm
1661 2804 1741 2892 quid

403 2911 513 2981 Varro
536 2911 711 2996 scripserit,
735 2910 928 2978 ostenditur.
974 2932 1013 2977 ea
1034 2932 1112 2976 vero
1134 2910 1253 2995 quibus
1268 2909 1425 2976 differunt
1439 2911 1613 2978 admodum
1629 2914 1742 2979 tenuia

402 3041 472 3086 esse
495 3021 707 3087 concedimus.
754 3020 866 3104 itaque
890 3041 954 3085 non
977 3020 1073 3085 nimis
1088 3019 1191 3085 multa
1206 3019 1248 3085 ab
1267 3019 1324 3084 illo
1343 3027 1474 3085 auctore
1493 3026 1656 3107 ymutata
1670 3042 1742 3088 esse

404 3127 618 3211 cognoscitur,
641 3125 732 3192 hand
753 3147 859 3212 pauca
882 3125 993 3194 addita
1016 3147 1085 3192 esse
1109 3125 1226 3192 elucet.
1272 3147 1311 3191 eo
1333 3126 1457 3208 largior
1471 3128 1584 3194 messis
1600 3134 1659 3210 est,
1683 3126 1739 3194 ubi

401 3251 603 3299 communem
623 3230 746 3299 fontem
768 3234 1004 3299 restituendum
1024 3234 1226 3318 suscipimus.
1264 3240 1363 3318 atque
1378 3232 1440 3299 hac
1454 3233 1488 3299 in
1503 3255 1540 3300 re
1555 3233 1741 3307 Schwederi

401 3339 605 3424 potissimum
635 3341 787 3407 meritum
818 3340 1009 3407 collocatum
1040 3348 1100 3423 est,
1133 3341 1166 3406 id
1199 3339 1286 3424 quod
1318 3340 1408 3406 clara
1435 3362 1509 3407 voce
1531 3342 1678 3424 profiteri
1700 3364 1741 3409 eo

402 3445 509 3510 minus
532 3444 658 3513 haesito
680 3446 768 3532 quod
791 3448 824 3512 in
840 3449 1024 3513 universum
1041 3445 1084 3513 ab
1101 3468 1139 3513 eo
1155 3447 1318 3513 dissentio.
1348 3447 1377 3512 is
1392 3445 1435 3512 ad
1451 3447 1585 3513 eandem
1601 3450 1739 3517 formam

402 3551 633 3636 descriptiones
664 3560 699 3620 et
719 3553 807 3621 Plini
837 3559 871 3620 et
893 3554 1000 3621 Melae
1027 3555 1194 3621 institutas
1217 3575 1287 3620 esse
1309 3552 1424 3620 subtili
1447 3553 1659 3640 diligentique
1680 3557 1740 3622 de-

400 3661 634 3726 monstratione
665 3661 805 3727 ostendit
813 3659 852 3747 ⁸),
885 3662 919 3727 in
949 3682 988 3727 eo
1015 3661 1119 3726 solnm
1143 3659 1262 3746 lapsus,
1291 3657 1378 3743 quod
1401 3658 1572 3744 Agrippae
1594 3683 1614 3726 a
1635 3663 1739 3746 perie-

400 3765 470 3850 gesi
500 3763 651 3832 Pliniana
682 3787 748 3833 non
778 3767 928 3833 seiunxit.
975 3789 1058 3852 quae
1088 3764 1129 3832 ab
1161 3787 1200 3832 ea
1227 3766 1335 3832 aliena
1360 3786 1429 3831 esse
1460 3787 1560 3852 supra
1586 3776 1739 3834 accurate

400 3872 703 3957 demonstravimus,
734 3894 808 3939 cum
839 3872 982 3958 singulas
1009 3880 1115 3938 terras
1137 3869 1328 3939 Schradero
1350 3870 1433 3937 dnoe
1453 3873 1738 3957 perlustraremus.

397 3998 484 4063 qnae
505 3979 558 4044 hic
580 3985 726 4064 repetere
748 3999 813 4044 non
836 3998 917 4064 opus
939 3985 999 4048 est.

505 4085 564 4151 illa
601 4092 711 4152 autem
749 4084 927 4152 similitudo
964 4092 1002 4151 ut
1037 4084 1131 4168 quasi
1166 4084 1307 4168 imagine
1340 4084 1532 4167 illustratur,
1572 4083 1739 4152 Arcadiae

398 4188 632 4274 descriptiones
657 4190 912 4276 Pomponianam
936 4190 1186 4274 Plinianamque
1210 4191 1445 4274 componimus:

465 4329 551 4398 Plin.
582 4337 615 4411 4,
644 4335 688 4401 20
722 4333 938 4397 mediterraneo
976 4332 1039 4394 cius
1160 4329 1248 4397 Mela
1293 4334 1324 4415 2,
1352 4335 1396 4400 43
1446 4333 1617 4399 Arcadiam
1649 4335 1735 4399 Pelo-

397 4434 640 4522 (Peloponnesi)
656 4438 794 4501 Arcadia
808 4437 940 4502 marimo
954 4446 1037 4511 meet,
1091 4439 1290 4523 ponocsiccac
1307 4448 1407 4523 pentes
1421 4441 1555 4525 oedipo
1570 4442 1737 4528 incicpuut.

397 4542 531 4627 undiquc
553 4565 573 4606 a
596 4544 677 4607 omri
698 4554 820 4608 remoto.

507 4789 528 4857 ¹)
546 4785 665 4843 Hermes
683 4790 717 4846 21
738 4789 829 4860 (1886)
848 4807 875 4860 p.
895 4791 1044 4847 alo—‘roa

504 4875 527 4948 ¹)
546 4876 580 4932 cf.
599 4876 746 4932 Schweder
764 4876 854 4934 Bcitr.
873 4877 1007 4936 1111883
1026 4898 1053 4951 p.
1073 4881 1100 4936 7.

506 4965 818 5039 ⁸)Beitro90111878
839 4969 961 5038 p28sq.
986 4986 1081 5040 progr.
1112 4968 1178 5025 Kiel
1196 4969 1267 5026 1878
1290 4988 1317 5041 p.
1331 4972 1411 5040 11sq.
1448 4969 1579 5041 Beitrdpc
1595 4967 1735 5026 1111883

394 5068 423 5124 p.
442 5055 522 5123 37sq.
