4275 6025
1035 719 1079 785 69

387 931 488 998 niana
508 935 572 996 eet:
604 927 694 995 Mela
717 935 747 1009 1,
762 931 782 998 9
798 927 903 1014 fronte
930 949 1013 992 oceo
1036 929 1255 996 adorientem:
1287 928 1372 996 Plin.
1398 931 1485 1011 6,th
1517 933 1560 994 od
1582 935 1724 998 orianum

389 1060 523 1102 oonvmoo
542 1036 665 1100 litorum
672 1034 790 1118 fronte:
814 1034 908 1102 Oros.
927 1041 956 1113 1,
974 1037 1005 1115 2,
1024 1038 1065 1104 13
1083 1036 1134 1121 (5)
1150 1034 1229 1098 Asia
1243 1037 1286 1098 ad
1303 1037 1435 1100 mmmm
1449 1035 1583 1120 frontem
1604 1042 1724 1105 mansa

388 1143 473 1208 dohet
506 1145 540 1206 in
571 1162 679 1205 oceano
711 1139 814 1220 Eoo¹)
849 1141 925 1203 osae
951 1138 1093 1227 flamines
1126 1137 1252 1226 Gangis.
1305 1139 1475 1227 Agrippae
1508 1144 1609 1229 igitur
1641 1147 1724 1214 haec

387 1255 509 1317 temere
532 1247 675 1314 tribuere
696 1267 761 1311 non
787 1246 871 1318 lieet.
917 1246 1005 1333 qnod
1029 1247 1146 1314 deinde
1169 1245 1340 1315 Schweder
1360 1271 1393 1333 p.
1418 1253 1460 1322 65
1491 1253 1616 1320 confert
1639 1255 1723 1326 Plin.

389 1358 420 1438 6,
435 1359 477 1427 39
493 1377 578 1419 mom
594 1375 710 1419 omnem
730 1377 750 1416 o
768 1351 844 1418 Caso
869 1355 1013 1440 praealtis
1038 1354 1163 1440 rapidae
1185 1377 1297 1420 accam
1320 1377 1421 1422 carere
1434 1380 1494 1445 per
1510 1351 1727 1426 WUYXV

383 1487 421 1549 p.
445 1473 548 1525 anaor
570 1472 609 1524 est
632 1461 781 1549 Agrippa
803 1481 877 1526 cum
900 1461 988 1526 Mela
1011 1463 1042 1542 3,
1055 1465 1099 1531 38
1130 1483 1216 1527 omae
1245 1466 1301 1544 (sc.
1325 1483 1415 1528 mare
1438 1463 1608 1553 Caspium)
1637 1478 1724 1531 onon

383 1589 508 1632 scemam
531 1567 593 1630 sine
610 1567 758 1652 patino,
780 1565 921 1653 procellis
942 1569 1074 1652 undique
1092 1570 1267 1653 oporam,
1290 1569 1359 1653 ipse
1381 1590 1497 1655 parum
1519 1571 1596 1638 huic
1609 1574 1724 1639 simili-

388 1674 494 1741 tudini
517 1674 721 1740 auctoritatis
744 1673 843 1743 dedit.
883 1680 984 1759 atque
1006 1674 1039 1740 id
1062 1675 1249 1742 rectissime.
1288 1697 1362 1742 nam
1376 1675 1466 1744 liela
1488 1678 1529 1743 de
1550 1684 1620 1744 toto
1641 1680 1725 1746 mari

388 1782 504 1867 caspio
526 1781 605 1865 agit,
630 1779 783 1864 Agrippa
806 1778 846 1845 de
868 1785 971 1862 parte.
1016 1801 1076 1846 nec
1094 1781 1233 1846 multum
1256 1781 1358 1848 refert
1380 1783 1498 1849 similia
1514 1789 1614 1869 atque
1636 1785 1724 1869 apud

386 1885 506 1954 Melam
537 1885 624 1972 apud
651 1883 806 1952 Orosium
837 1905 967 1970 quoque
1002 1892 1031 1966 1,
1044 1889 1077 1970 2,
1089 1890 1134 1955 48
1145 1887 1219 1973 (19)
1249 1887 1323 1972 legi.
1378 1889 1419 1955 de
1448 1891 1619 1977 Agrippea
1647 1911 1724 1958 vero

386 1995 509 2078 origine
537 1993 764 2079 descriptionis
787 1992 889 2059 Asiae
918 2014 995 2060 eane
1030 2014 1127 2079 quam
1157 1995 1298 2061 maxime
1327 1995 1407 2061 licet
1437 1996 1587 2064 dubitare
1617 2019 1724 2084 neque

387 2098 546 2184 probatur
569 2098 657 2185 quod
672 2097 845 2166 Schweder
867 2099 971 2166 voluit
993 2101 1130 2167 conlatis
1145 2101 1233 2167 Mela
1255 2104 1287 2180 3,
1300 2105 1390 2188 59sq.
1409 2108 1442 2171 et
1457 2104 1564 2171 Plinio
1580 2107 1611 2188 6,
1625 2109 1666 2177 53
1674 2127 1723 2192 so.

390 2205 560 2270 simillimis
583 2207 714 2289 quidem
737 2207 823 2286 locis,
848 2205 905 2272 sed
928 2227 968 2272 ex
991 2207 1144 2292 Agrippa
1166 2229 1230 2274 non
1253 2209 1388 2276 haustis.

495 2312 561 2377 iarn
595 2317 634 2377 ut
666 2313 974 2398 comprehendamus
1007 2335 1091 2397 quae
1125 2314 1189 2380 huc
1218 2335 1321 2399 nsque
1351 2314 1535 2383 Schwederi
1564 2321 1725 2386 sententia

345 2457 349 2476 .
391 2419 575 2485 examinata
598 2418 847 2486 enucleavimus:
881 2421 971 2487 nullo
1001 2420 1072 2487 loco
1106 2422 1375 2507 chorographiam
1406 2421 1497 2489 illam
1523 2443 1725 2492 communem

388 2526 496 2593 Melae
529 2526 681 2612 Pliuiqus
718 2528 841 2594 fontem
879 2548 957 2609 esse,
996 2529 1095 2593 immo
1133 2549 1196 2594 non
1235 2528 1356 2613 ubique
1390 2529 1526 2596 eundem
1560 2537 1724 2598 auctorem

387 2631 509 2698 Melam
541 2633 633 2718 sequi
663 2638 696 2700 et
718 2633 872 2700 Plinium.
920 2633 975 2700 sed
1007 2635 1130 2719 optimo
1160 2635 1232 2701 iure
1259 2635 1348 2720 apud
1370 2632 1563 2702 Strabonem
1585 2633 1724 2716 vestigia

387 2738 643 2825 chorographiae
673 2742 866 2825 quaerimus,
898 2742 1018 2827 qnippe
1051 2742 1108 2826 qni
1139 2743 1259 2826 septies
1280 2741 1337 2808 τὸν
1358 2739 1568 2828 χωρογράφον
1590 2739 1640 2806 vel
1662 2737 1723 2826 τήν

386 2849 613 2933 χωρογραφίαν
642 2847 762 2913 laudet.
808 2854 912 2914 totam
943 2855 1054 2915 antem
1084 2849 1125 2914 de
1148 2847 1309 2916 Strabone
1331 2850 1553 2935 quaestionem
1577 2866 1619 2912 ne
1641 2866 1725 2931 qnae

387 2955 538 3039 coniungi
561 2953 765 3021 commodum
787 2956 891 3023 visum
916 2961 965 3022 est
988 2955 1222 3041 disiungantur,
1246 2956 1280 3023 in
1303 2957 1480 3043 appendice
1502 2954 1722 3025 cacanum.

490 3083 555 3128 non
579 3062 700 3147 ubique
723 3062 835 3128 eadem
857 3062 978 3129 Melam
1001 3068 1035 3128 et
1049 3063 1193 3130 Plinium
1215 3069 1394 3149 praestare,
1417 3066 1514 3130 immo
1537 3061 1624 3129 hand
1647 3083 1723 3129 raro

388 3189 441 3235 eos
455 3168 546 3235 nullo
561 3169 657 3235 modo
672 3168 714 3234 ab
738 3169 850 3235 eodem
873 3169 1013 3253 pendere
1035 3189 1130 3254 posse
1152 3175 1285 3235 anctore
1307 3170 1361 3237 hic
1383 3170 1451 3237 illic
1465 3169 1558 3236 nobis
1573 3174 1724 3235 notatum

388 3282 446 3341 est.
493 3276 605 3361 itaque
636 3282 673 3342 ut
704 3296 802 3361 snpra
832 3278 1072 3361 spopondimus,
1106 3277 1170 3343 iam
1198 3276 1239 3343 de
1270 3275 1508 3343 discriminibus
1539 3274 1723 3341 accuratius

387 3402 484 3465 agere
505 3402 522 3447 e
537 3402 573 3446 re
587 3381 697 3451 inerit.
736 3382 793 3448 sed
809 3381 1048 3448 concedendum
1063 3389 1114 3449 est
1128 3380 1318 3449 Schwedero
1326 3380 1364 3468 ⁸),
1388 3380 1492 3448 multa
1506 3382 1622 3467 quihus
1636 3380 1724 3446 Mela

387 3488 579 3573 Plininsque
601 3489 786 3575 discrepare
808 3489 988 3571 videantur,
1021 3489 1071 3555 ita
1097 3494 1286 3574 comparata
1307 3508 1387 3569 ease,
1418 3494 1456 3554 ut
1485 3490 1616 3555 minime
1647 3488 1723 3553 inde

389 3597 429 3662 de
451 3596 578 3663 diverso
601 3594 689 3661 fonte
705 3596 881 3680 quicquam
896 3595 1088 3662 concludere
1110 3597 1216 3665 hosat.
1251 3617 1351 3680 quam
1370 3616 1438 3662 rem
1455 3593 1627 3662 Schrader
1640 3593 1723 3661 bono

388 3702 535 3788 exemplo
550 3703 727 3770 illustravit
741 3704 878 3771 conlatis
893 3704 982 3771 Mela
997 3709 1028 3784 2,
1042 3708 1086 3774 27
1101 3710 1134 3771 et
1149 3704 1257 3771 Plinio
1272 3710 1303 3787 4,
1317 3707 1371 3786 49,
1387 3726 1452 3789 quo
1466 3703 1601 3787 insignis
1616 3702 1723 3768 Melae

387 3809 592 3895 neglegentia
614 3818 648 3878 et
670 3811 818 3878 socordia
840 3813 874 3878 in
898 3811 1110 3878 exscribendo
1141 3816 1272 3878 anctore
1302 3811 1516 3894 cognoscitur.
1562 3807 1724 3893 quaedam

389 3937 427 3982 ex
449 3937 567 4001 magno
590 3938 725 3983 numero
747 3938 832 4002 pono
855 3918 1016 4003 exempla:
1040 3921 1071 3997 2,
1086 3920 1128 3987 35
1151 3919 1229 3981 inter
1250 3926 1409 4002 atramque
1436 3912 1622 3979 Cassandrea
1643 3913 1722 3997 legi·

388 4029 456 4090 tur:
485 4043 662 4107 pronomen
684 4034 805 4110 utaque
834 4030 871 4090 ut
901 4045 987 4091 nunc
1009 4025 1116 4090 Melae
1144 4024 1245 4089 verba
1273 4028 1359 4104 sunt,
1390 4022 1432 4087 ad
1462 4020 1577 4087 fluvios
1600 4020 1723 4087 Axium

388 4135 421 4196 et
443 4129 588 4195 Peneum
619 4130 771 4214 refertur,
803 4131 837 4197 id
865 4132 952 4217 quod
982 4132 1081 4216 plane
1111 4151 1208 4197 sensu
1238 4135 1336 4198 caret.
1382 4134 1519 4214 apparet
1549 4131 1659 4194 autem
1688 4127 1723 4193 in

387 4237 492 4305 Melae
514 4238 605 4304 fonte
634 4240 724 4305 sinus
758 4240 862 4306 dictos
895 4240 995 4306 fuisse
1017 4238 1246 4305 Pharmaieum
1273 4243 1307 4302 et
1328 4237 1607 4322 Megybernaeum,
1638 4236 1724 4301 inter

389 4364 468 4427 qnos
493 4341 698 4410 Cassandria.
746 4345 802 4429 qui
826 4344 912 4429 apud
935 4343 1055 4409 Melam
1079 4342 1178 4428 paulo
1201 4348 1276 4408 ante
1296 4342 1512 4410 inveniuntur.

499 4470 539 4515 en
563 4449 653 4516 aliud
675 4450 763 4516 haud
786 4451 918 4516 minoris
941 4450 1163 4534 indiligentiae
1186 4448 1379 4533 exemplum.
1417 4448 1506 4514 Mela
1529 4448 1614 4514 enim
1636 4454 1664 4529 1,
1679 4449 1722 4517 37

387 4553 654 4640 Lotophagorum
678 4556 769 4621 sedes
792 4576 895 4640 nsque
918 4555 960 4621 ad
981 4557 1242 4640 promunturium
1262 4552 1461 4638 Cyrenaicae
1483 4555 1654 4640 Phycunta
1669 4575 1722 4619 ex·

386 4660 503 4747 tendit,
535 4662 622 4732 Plin.
646 4666 677 4744 5,
688 4665 731 4732 28
754 4682 856 4747 usqne
878 4661 922 4727 ad
943 4660 1174 4728 Philaenorum
1202 4680 1285 4727 aras.
1332 4658 1418 4726 idem
1440 4661 1475 4725 in
1496 4659 1602 4725 Melae
1633 4658 1723 4723 fonte

388 4769 543 4853 scriptum
568 4768 669 4835 fuisse
692 4789 729 4835 eo
752 4768 911 4853 probatur
933 4767 1021 4852 qnod
1044 4767 1205 4853 pergitur:
1232 4773 1262 4849 1,
1276 4768 1319 4837 38
1342 4789 1414 4831 aroc
1436 4768 1539 4853 ipsae
1560 4786 1667 4829 acmen
1687 4785 1725 4827 ac

498 5018 518 5087 1)
537 5015 607 5072 haec
624 5033 732 5086 quoque
751 5015 916 5087 significatio
939 5014 1119 5085 varroniana,
1136 5030 1192 5069 non
1210 5015 1361 5085 Agrippae.

497 5106 519 5177 ¹)
538 5104 627 5162 Bcitr.
646 5105 695 5161 111
715 5106 784 5163 1883
802 5124 829 5176 p.
849 5108 892 5163 32.
