4275 6025
1024 711 1065 775 57

381 922 633 1005 intellegendum
656 944 725 989 esse
747 922 939 989 Partschins
962 923 1111 1006 cognovit
1132 923 1156 1005 l,
1170 922 1192 991 l
1208 943 1238 1007 p.
1255 925 1354 1007 sasq.
1394 922 1478 990 idem
1495 921 1615 991 Strabo
1630 921 1718 1007 apud

381 1030 640 1114 chorographum
657 1029 755 1095 luisse
770 1033 913 1096 testatur
928 1031 1003 1100 266.
1041 1049 1127 1114 quae
1141 1050 1217 1096 vero
1232 1035 1345 1095 oontm
1359 1028 1568 1096 Partschinm
1583 1027 1719 1098 Oehmi·

382 1138 504 1204 chenus
517 1139 604 1206 1880
616 1159 646 1221 p.
659 1139 702 1207 67
719 1136 906 1223 disputavit,
922 1135 1047 1202 futtilia
1063 1142 1148 1206 sunt.
1172 1134 1230 1202 scd
1241 1135 1285 1202 ad
1295 1138 1497 1222 propositum
1509 1143 1718 1204 revertamur.

382 1247 569 1330 Agrippeas
592 1244 694 1326 igitur
716 1265 882 1310 mensuras
905 1244 958 1310 hic
980 1265 1111 1330 quoque
1133 1265 1207 1311 cum
1227 1243 1312 1310 alius
1334 1245 1476 1311 auctoris
1503 1243 1719 1328 descriptione

381 1354 570 1420 coniunctas
593 1372 663 1418 sese
685 1352 899 1434 cognovimns.
946 1349 1034 1435 apud
1057 1349 1180 1416 Melam
1201 1354 1311 1416 autem
1334 1371 1446 1416 aarum
1468 1371 1527 1416 nee
1556 1349 1631 1416 vola
1659 1369 1719 1414 nee

381 1460 563 1544 vestigium.

472 1601 538 1666 iam
559 1599 719 1665 mensuris
743 1598 899 1665 absolutis
923 1597 962 1663 de
994 1599 1123 1665 urbium
1155 1597 1321 1665 ordinibus
1354 1597 1471 1681 agitur.
1525 1616 1564 1661 ae
1595 1615 1719 1660 summa

382 1709 512 1792 quidem
534 1707 713 1793 praemissa
731 1712 788 1772 est.
825 1711 904 1772 tunc
930 1706 1051 1791 partim
1080 1706 1115 1770 in
1144 1706 1250 1790 ipsum
1280 1703 1439 1789 periplum
1470 1706 1622 1787 receptae
1645 1722 1720 1766 cum

381 1814 565 1881 nominibus
602 1815 752 1880 ordinum
789 1813 1049 1897 significationes,
1088 1815 1207 1898 partim
1245 1819 1360 1879 exacto
1400 1811 1527 1896 periplo
1575 1809 1719 1894 reliquas

381 1923 475 2005 quasi
507 1921 762 1987 mediterraneae
792 1919 835 1986 ad
864 1921 1050 1986 litterarum
1083 1920 1229 1986 ordinem
1262 1919 1418 1986 collectae
1452 1923 1536 1986 sunt.
1595 1916 1636 1982 de
1669 1917 1719 1981 his

383 2024 557 2093 (luntzium
584 2029 686 2094 secuti
709 2027 796 2093 iufra
819 2026 1056 2111 disputabimus
1067 2025 1100 2109 1).
1146 2048 1219 2093 cum
1242 2025 1348 2093 Melae
1370 2030 1481 2092 autem
1504 2023 1720 2109 descriptione

382 2122 488 2216 neque
512 2132 681 2216 Agrippea
711 2153 815 2217 neque
842 2133 1014 2217 Augustea
1044 2134 1246 2199 conveniunt.
1292 2154 1378 2217 quae
1408 2152 1485 2198 vero
1517 2134 1643 2196 restant
1673 2129 1719 2193 eis

385 2239 538 2323 exemptis
560 2259 624 2303 non
646 2237 742 2302 modo
767 2238 883 2303 similia
905 2243 990 2316 sunt,
1024 2237 1082 2302 sed
1114 2237 1226 2303 eodem
1258 2239 1370 2304 ordine
1400 2236 1589 2321 procedunt.
1645 2255 1720 2300 cum

385 2365 461 2410 uero
485 2342 612 2409 Plinius
637 2365 677 2408 ex
698 2344 765 2409 illis
785 2343 973 2410 auctoribus
988 2343 1239 2428 descriptionem
1255 2342 1464 2428 suppleverit,
1488 2348 1601 2426 aperte
1615 2342 1720 2424 ipsam

384 2471 489 2536 neque
509 2472 550 2517 ex
564 2451 715 2536 Agrippa
730 2472 835 2536 neque
851 2471 889 2516 ex
904 2451 1057 2536 Augusto
1072 2449 1205 2517 fluxisse
1220 2451 1424 2534 perspicitur.
1465 2448 1541 2515 inde
1555 2453 1721 2514 consecta-

383 2579 479 2624 neum
504 2564 561 2640 est,
585 2562 623 2623 ut
646 2577 686 2622 ne
709 2555 798 2622 Mela
821 2555 952 2640 quidem
975 2555 1018 2622 ab
1041 2555 1144 2622 altero
1167 2561 1242 2622 utro
1266 2576 1305 2621 ex
1328 2555 1374 2621 eis
1397 2553 1545 2639 pendeat.

491 2699 578 2765 idem
601 2697 719 2765 Oratae
742 2698 958 2782 descriptione
982 2719 1081 2782 quam
1103 2704 1179 2782 post
1201 2697 1347 2765 Siciliam
1370 2695 1541 2765 Schweder
1567 2696 1722 2762 tractavit

383 2826 415 2890 p.
440 2806 538 2889 aasq.
571 2803 825 2873 luculentissime
857 2803 1096 2888 comprobatur.
1150 2803 1191 2870 cf.
1214 2803 1303 2869 Mela
1331 2805 1540 2885 2,112.113
1572 2807 1605 2869 ιι
1635 2799 1720 2868 Plin.

383 2918 415 2996 4,
428 2913 573 2984 58-60.
624 2912 702 2977 item
736 2912 856 2996 optime
890 2912 1092 2977 narrationes
1126 2931 1305 2997 congruere
1339 2911 1504 2978 contendit
1536 2910 1599 2976 nisi
1635 2910 1722 2993 quod

385 3020 511 3087 numeri
534 3020 694 3105 Agrippei
717 3018 758 3085 ab
781 3018 869 3085 Mela
892 3020 1010 3086 omissa
1032 3020 1107 3087 sint.
1153 3041 1236 3105 quae
1259 3020 1324 3085 iam
1348 3019 1576 3085 examinemus.

493 3161 551 3228 sed
574 3168 611 3227 ut
633 3184 654 3229 a
676 3160 739 3227 fine
763 3161 930 3228 exordium
953 3161 1080 3245 ducam,
1105 3162 1267 3229 diarmata
1290 3163 1460 3248 Agrippae
1481 3161 1607 3229 tributa
1632 3167 1664 3245 4,
1678 3164 1722 3231 60

385 3278 498 3353 postea
520 3268 646 3335 adiecta
668 3273 755 3336 sunt.
801 3267 835 3334 id
863 3266 952 3351 quod
981 3268 1033 3334 uel
1062 3270 1252 3352 pronomine
1282 3271 1352 3355 ipso
1383 3270 1552 3355 probatur,
1582 3268 1623 3335 de
1655 3290 1721 3353 quo

386 3396 446 3441 usu
469 3374 510 3441 cf.
534 3373 775 3443 Oehmichenus
799 3374 882 3441 Ptin.
906 3373 995 3443 διαὶ.
1018 3378 1106 3446 1880
1127 3399 1159 3462 p.
1178 3383 1231 3446 11.
1277 3376 1405 3444 accedit
1427 3377 1559 3462 gravius
1581 3375 1721 3461 aliquid:

385 3480 532 3547 diversae
547 3486 624 3545 sunt
639 3480 769 3545 eaedem
786 3481 819 3545 in
835 3481 992 3565 periegesi
1007 3502 1186 3548 mensurae.
1226 3484 1375 3570 Agrippa
1390 3485 1473 3550 enim
1490 3483 1533 3550 ad
1549 3482 1722 3550 Cadistum

384 3586 536 3653 aMalea
557 3587 692 3653 metitur
714 3577 900 3672 FHP),
935 3589 969 3653 in
992 3589 1118 3673 periplo
1149 3596 1258 3657 antem
1288 3591 1534 3657 aPhalasarna
1566 3627 1611 3637 —
1644 3594 1723 3654 ncta

384 3692 546 3760 diversum
568 3693 683 3772 locum,
708 3691 766 3757 sed
788 3694 927 3758 vicinum
948 3732 993 3741 —
1016 3693 1059 3759 ad
1075 3693 1215 3761 Maleam
1238 3687 1636 3780 computanturXX—Vi·
1650 3686 1728 3757 'XV

385 3801 419 3869 -Ι-
439 3789 542 3886 fo.
564 3802 650 3883 4,.57
674 3805 707 3865 ιι
731 3800 798 3885 56),
830 3800 947 3884 quibus
978 3799 1128 3867 addenda
1158 3808 1207 3868 est
1237 3802 1407 3886 longitudo
1438 3799 1610 3886 Cytherea.
1665 3800 1723 3885 qui

385 3927 537 3972 numerus
559 3911 648 3972 certe
671 3904 839 3989 aliquanto
855 3906 960 3971 minor
974 3913 1031 3974 est.
1069 3927 1167 3991 porro
1183 3906 1355 3992 Agrippas
1369 3926 1520 3971 mensura
1535 3927 1555 3971 a
1570 3903 1722 3985 Samonio

384 4034 486 4098 nsque
509 4012 551 4077 sd
575 4010 778 4096 Carpathum
802 4018 850 4079 est
876 4005 952 4091 IX,
976 4014 1022 4107 'in
1055 4015 1212 4099 periegesi
1246 4014 1332 4079 idem
1365 4011 1508 4097 spatium
1541 4002 1730 4075 W

386 4119 420 4204 (i.
445 4122 512 4189 300
535 4118 633 4206 stad.)
657 4126 874 4206 computatur,
902 4121 943 4189 cf.
966 4126 998 4205 4,
1015 4126 1068 4193 71.
1106 4121 1272 4187 maritima
1301 4120 1400 4205 igitur
1431 4120 1537 4204 spatia
1565 4120 1723 4205 prolixius

385 4220 538 4311 Agrippa
559 4224 614 4290 hic
637 4246 768 4310 quoque
791 4247 941 4293 emensus
964 4232 1024 4294 est.
1071 4226 1209 4312 denique
1231 4225 1491 4312 promunturium
1512 4224 1666 4295 Cadistus
1689 4227 1723 4293 in

384 4331 456 4415 ipsa
477 4330 657 4397 insularum
672 4331 888 4417 descriptione
902 4333 993 4400 nulla
1007 4354 1043 4399 re
1058 4332 1276 4420 praedicatur,
1293 4333 1484 4417 simpliciter
1499 4334 1723 4400 intermontes

385 4437 454 4503 eius
478 4457 593 4504 nomen
616 4444 753 4524 apparet
775 4443 807 4519 4,
821 4442 864 4509 (50
887 4460 926 4506 ac
947 4460 988 4505 ne
1002 4439 1037 4505 in
1053 4441 1167 4524 spatiis
1182 4440 1314 4524 quidem
1330 4439 1527 4523 reliquarum
1543 4441 1723 4506 insularum

384 4544 564 4612 indicandis
587 4552 702 4612 exstat
741 4568 816 4612 nam
835 4552 868 4627 4,
881 4550 922 4617 71
939 4546 1056 4613 falsam
1072 4568 1141 4614 esse
1157 4548 1377 4613 coniecturam
1392 4546 1586 4626 Hardouini,
1627 4566 1723 4631 quam

384 4652 470 4719 male
492 4653 527 4718 in
550 4658 736 4718 contextum
758 4652 891 4719 admisit
906 4651 1124 4735 Detlefsenus,
1148 4652 1219 4719 luce
1242 4653 1361 4719 clarius
1384 4660 1443 4719 est.
1489 4652 1620 4717 minime
1638 4652 1723 4716 enim

385 4758 443 4826 ubi
465 4757 686 4845 Astypalaeae
715 4756 858 4826 aOreta
880 4758 1089 4827 intervallum
1112 4757 1296 4845 definiatur,
1321 4758 1363 4827 ab
1387 4780 1426 4826 ea
1451 4764 1546 4843 parte
1572 4755 1724 4822 metimur

494 5006 504 5041 ι

495 5006 517 5165 ’d
534 5005 576 5148 diro
589 5005 771 5149 {oilbaldum
791 5111 853 5149 cnm
872 5095 907 5161 A,
927 5086 1048 5151 TXXV
1064 5093 1098 5157 E,
1117 5087 1207 5150 m
1223 5095 1331 5165 reliqui.
