4275 6025
940 640 1092 733 ,ει

396 850 525 937 potnit?
571 856 670 935 atque
694 850 844 935 equidem
866 871 931 916 non
956 849 1046 917 video
1073 872 1141 934 qua
1168 851 1295 917 ratione
1323 849 1487 936 probabili
1516 852 1616 919 aliter
1643 873 1739 921 error

396 957 587 1043 explicetur.
633 957 733 1041 igitur
755 958 816 1023 hac
839 977 1026 1041 quoquere
1049 957 1219 1022 diversitas
1241 962 1411 1023 auctorum
1434 958 1587 1025 cernitur.

503 1085 566 1149 per
587 1068 693 1129 totum
709 1070 819 1130 autem
834 1084 916 1149 opus
931 1085 1005 1129 cum
1021 1063 1257 1147 discrepantiae
1272 1063 1448 1147 dissipatae
1463 1065 1539 1143 sint,
1563 1064 1735 1132 diversitas

396 1172 524 1238 nonita
539 1170 695 1254 explicari
710 1176 826 1255 potest,
851 1176 889 1236 ut
903 1191 944 1235 ex
958 1175 1052 1254 parte
1067 1170 1194 1235 Plinius
1209 1168 1347 1236 eundem
1362 1177 1527 1237 auctorem
1541 1173 1735 1256 primarium

397 1287 562 1363 sequatur,
587 1278 644 1363 qui
659 1278 765 1343 Melae
781 1277 961 1344 doctrinam
982 1277 1211 1361 suppeditavit
1257 1297 1362 1360 neque
1384 1278 1486 1359 igitur
1505 1277 1645 1345 eundem
1660 1300 1736 1346 auo·

396 1392 500 1452 torem
523 1385 576 1449 hic
599 1384 778 1467 exscripsit,
810 1404 875 1467 quo
897 1382 1025 1448 Plinius
1048 1384 1220 1466 praecipuo
1243 1381 1335 1449 fonte
1356 1383 1458 1448 latino
1488 1405 1567 1450 usus
1591 1391 1649 1451 est.
1696 1407 1736 1451 ac

397 1492 490 1558 nobis
524 1490 654 1575 quidem
687 1511 767 1573 opus
798 1493 869 1555 erat
899 1494 1065 1555 ostentare
1096 1490 1309 1571 diversitates,
1345 1495 1384 1555 ut
1413 1490 1611 1556 inveteratus
1644 1512 1736 1559 error

396 1598 577 1666 tolleretur.
634 1604 804 1681 postquam
840 1616 916 1661 vero
950 1617 971 1661 a
1004 1595 1092 1661 Mela
1125 1617 1189 1661 non
1223 1595 1312 1661 Plini
1345 1602 1510 1663 auctorem
1546 1598 1736 1680 primarium

398 1703 579 1788 expilatam
607 1724 677 1768 esse
699 1703 865 1786 cognitum
887 1706 946 1783 est,
977 1722 1055 1767 sane
1077 1721 1194 1786 operae
1216 1702 1358 1785 pretinm
1385 1707 1436 1767 est
1463 1702 1663 1786 praedicare,
1693 1702 1736 1769 ad

396 1831 496 1893 qnam
519 1829 636 1892 parvas
659 1828 720 1889 res,
749 1807 777 1872 si
800 1807 950 1872 universa
972 1812 1165 1890 spectamus,
1190 1804 1392 1871 differentiae
1413 1809 1610 1892 pertineant.
1655 1809 1736 1893 quid

391 1916 484 2001 ,quod
508 1914 550 1979 ad
573 1934 775 1979 communem
797 1913 950 1995 originem
973 1911 1109 1977 latinam
1124 1918 1297 1995 utrumque
1318 1912 1490 1995 respicere,
1514 1914 1736 1981 communibus

396 2020 589 2105 quibusdam
604 2018 767 2085 erroribus
782 2017 1026 2102 comprobatur:
1051 2016 1144 2083 Buca
1167 2024 1200 2083 et
1214 2016 1405 2085 Histonium
1421 2018 1503 2085 falso
1518 2021 1632 2087 ordine
1647 2021 1736 2106 apud

399 2134 572 2210 utrumque
593 2130 839 2211 percensentur:
870 2124 959 2189 Mela
981 2128 1011 2208 2,
1026 2128 1067 2193 65
1085 2123 1170 2193 Plin.
1195 2127 1318 2199 3‚106.
1364 2147 1460 2210 quem
1488 2148 1632 2193 errorem
1657 2127 1735 2194 Nis-

400 2256 492 2301 senua
500 2236 528 2322 ¹)
549 2234 655 2299 Melae
678 2234 874 2299 auctoritate
897 2230 985 2315 apud
1001 2230 1144 2296 Plinium
1168 2229 1318 2297 effectum
1340 2251 1411 2297 esse
1434 2234 1580 2300 coniecit.
1625 2240 1736 2301 tamen

401 2362 472 2406 eum
494 2341 601 2407 Melae
623 2344 753 2405 tantum
775 2338 936 2419 tribuisse,
965 2342 1004 2402 ut
1026 2337 1114 2420 quod
1136 2334 1224 2420 apud
1246 2336 1328 2402 alios
1350 2338 1526 2419 invenerat,
1559 2339 1736 2406 secundum

397 2449 497 2513 istum
525 2446 722 2525 emendaret,
750 2464 845 2528 aegre
871 2444 951 2509 mihi
981 2442 1173 2527 persuadeo.
1218 2442 1345 2508 accedit
1376 2444 1463 2527 quod
1493 2444 1616 2511 Melam
1638 2466 1736 2531 opere

397 2556 464 2621 iam
484 2554 553 2620 lere
576 2557 708 2638 peracto
731 2551 913 2617 consultum
936 2570 1007 2616 esse
1030 2550 1247 2633 cognovimus.

505 2661 655 2726 similiter
686 2681 706 2725 a
733 2658 841 2724 Plinio
872 2661 902 2739 3,
917 2660 959 2728 96
991 2663 1024 2722 et
1047 2656 1135 2722 Mela
1165 2662 1196 2738 2,
1211 2660 1253 2727 68
1286 2677 1324 2722 eo
1355 2662 1526 2741 peccatum
1549 2662 1608 2741 est,
1647 2658 1735 2743 quod

396 2768 544 2835 Peteliae
566 2769 649 2834 situs
670 2765 753 2833 falso
776 2764 947 2831 aLacinio
970 2764 1137 2830 meridiem
1160 2785 1272 2829 versus
1294 2764 1465 2831 indicatur.
1512 2762 1630 2830 deinde
1645 2764 1736 2832 baud

395 2882 487 2941 recte
525 2874 611 2959 apud
649 2878 824 2957 utrumque
861 2870 989 2937 Rudiae
1027 2870 1172 2955 Apuliae
1209 2869 1452 2936 adscribuntur:
1496 2868 1585 2942 Plin.
1625 2875 1735 2953 3‚102

397 2982 486 3048 Mela
509 2985 540 3062 2,
551 2984 605 3052 66.

508 3091 638 3174 saepius
661 3095 771 3154 autem
793 3091 906 3152 contra
928 3085 1127 3170 reliquorum
1151 3107 1245 3152 usum
1267 3085 1301 3150 iu
1324 3085 1490 3152 nominum
1517 3084 1630 3152 formis
1661 3108 1736 3152 eon·

396 3197 551 3271 sentiunt,
584 3195 673 3260 velut
695 3192 815 3257 Eulaeo
842 3190 932 3278 apud
953 3191 1039 3257 Plin.
1065 3195 1096 3274 5,
1111 3193 1174 3260 107
1197 3189 1329 3274 legitur,
1353 3187 1480 3254 Eatana
1502 3194 1591 3278 apud
1614 3193 1737 3262 Melam

400 3307 493 3386 1,84,
526 3303 599 3368 aliis
627 3301 712 3366 idem
735 3300 889 3385 oppidum
912 3297 1067 3362 micenae
1098 3296 1227 3365 dicitur.
1273 3296 1325 3363 vel
1348 3296 1480 3384 Limyra
1511 3305 1545 3365 et
1573 3322 1627 3386 ap.
1650 3300 1734 3367 Plin.

398 3415 431 3492 5,
446 3413 509 3478 100
532 3414 566 3474 et
588 3429 639 3492 ap.
656 3406 734 3473 Mel.
754 3415 781 3482 1,
792 3409 844 3486 82,
869 3402 957 3488 quod
979 3400 1136 3487 oppidum
1151 3402 1231 3468 alias
1246 3401 1387 3488 Lamyra
1406 3411 1621 3491 nuncupatur.
1661 3405 1737 3472 dein

398 3515 548 3579 Babaasoa
569 3512 657 3598 apud
680 3510 825 3577 Plinium
848 3512 958 3590 o,104
981 3511 1089 3573 exstat
1115 3506 1326 3592 similiterque
1349 3507 1504 3572 Bubasius
1534 3512 1617 3574 aiom
1648 3508 1736 3596 apud

400 3623 520 3689 Melam
544 3629 574 3701 1,
590 3625 644 3704 81,
669 3619 755 3705 quod
778 3615 933 3703 oppidum
956 3615 1056 3680 etiam
1078 3611 1247 3696 Βὺβασσος
1268 3616 1319 3680 val
1337 3613 1525 3699 Βούβαστος
1547 3615 1735 3685 vocabatur.

397 3729 457 3795 sed
479 3728 557 3813 qnid
580 3725 750 3793 minutulis
772 3722 823 3788 bis
845 3721 944 3788 rebus
967 3717 1198 3786 immoramur?
1244 3740 1417 3787 consensus
1440 3740 1545 3786 nonne
1567 3719 1736 3806 usquead

394 3838 470 3922 ipsa
491 3834 591 3902 verba
612 3833 798 3916 saepissime
821 3831 905 3896 inter
928 3835 1104 3912 utrumque
1126 3824 1252 3893 exstat?
1298 3828 1383 3893 unde
1405 3848 1426 3893 a
1457 3827 1561 3894 latino
1592 3827 1735 3912 quodam

398 3951 533 4011 auctore
554 3941 709 4028 primario
733 3959 845 4004 eorum
867 3936 1049 4003 doctrinam
1076 3954 1241 4001 emanasse
1269 3933 1510 4018 comprobatur.
1555 3938 1606 3999 est
1635 3934 1736 4018 igitur

395 4053 486 4117 inter
518 4071 572 4116 eos
606 4046 767 4132 quaedam
800 4043 1003 4108 dissociatione
1027 4041 1211 4126 permonita
1244 4060 1361 4102 coruom
1390 4059 1474 4124 quae
1504 4037 1566 4105 hac
1597 4040 1736 4119 imagine

396 4158 593 4224 illustretur:
670 4179 675 4191 ¹

1062 4272 1083 4307 Χ

1010 4513 1168 4638 ἰ

895 4729 1004 4827 nuda
1109 4740 1184 4826 usia

507 5024 530 5094 ¹)
548 5022 615 5078 Ital.
631 5019 767 5078 Laodek-
786 5017 818 5074 11
836 5017 907 5074 1902
924 5035 952 5088 p.
971 5018 1024 5075 783
1043 5017 1107 5075 adn.
1125 5020 1152 5075 2.

452 5120 543 5170 Klots,
557 5120 700 5170 ornatiores
714 5118 835 5161 Pliniana.
