4275 6025
1067 721 1131 786 160

427 957 536 1003 sorum
558 941 727 1001 auctorum
750 935 887 1018 vestigia
902 933 1083 1000 manifesta.
1122 931 1250 999 accedit
1271 931 1359 1017 quod
1376 930 1535 998 Idumaea
1550 933 1584 996 in
1599 933 1769 1018 periegesi‚

426 1043 483 1108 ubi
506 1041 619 1127 Syriae
640 1047 749 1126 partes
772 1040 883 1105 multis
904 1039 1087 1105 nominibus
1114 1038 1349 1122 significantur,
1372 1058 1436 1103 non
1461 1044 1576 1104 exstat.
1615 1037 1657 1108 cf.
1682 1045 1714 1119 5,
1727 1041 1770 1109 66

425 1171 556 1237 6616666
576 1147 748 1211 Palaestina
768 1146 939 1226 66666666,
972 1169 1036 1232 666
1057 1147 1198 1230 6661666
1221 1145 1354 1211 Arabas.
1389 1144 1455 1210 ulia
1478 1145 1648 1210 diversitas
1675 1147 1710 1210 in
1732 1167 1771 1211 eo

426 1259 534 1342 posita
555 1261 615 1329 est,
638 1253 724 1339 quod
746 1257 777 1331 5,
790 1255 833 1323 55
850 1253 976 1318 Iudaea
996 1254 1084 1318 inter
1107 1261 1219 1336 partes
1235 1250 1348 1336 Syriae
1370 1250 1520 1332 refertur,
1546 1256 1577 1331 5,
1590 1257 1634 1322 70
1650 1252 1772 1317 diserte

427 1364 470 1430 ab
492 1362 606 1429 eadem
627 1361 824 1444 seiungitur:
847 1381 922 1444 pars
943 1361 1006 1422 eius
1024 1358 1196 1442 (1666666)
1218 1355 1331 1442 Syriae
1352 1359 1451 1420 iuncta
1478 1355 1619 1422 Galilaea
1642 1370 1771 1423 menum.

545 1468 684 1552 denique
714 1467 902 1532 recentioris
933 1486 1062 1549 quoque
1092 1466 1226 1548 originis
1254 1464 1376 1529 indicia
1404 1463 1493 1528 6666
1523 1464 1653 1531 desunt:
1685 1470 1716 1541 6,
1729 1468 1773 1535 69

430 1574 580 1640 Scotorum
595 1576 697 1653 tunm,
720 1575 822 1637 eodem
842 1571 992 1636 Caesarea
1008 1573 1047 1635 ob
1061 1571 1183 1636 Herode
1197 1593 1265 1656 repa
1287 1573 1418 1653 666666,
1442 1594 1522 1634 6666
1536 1572 1650 1634 comnia
1663 1573 1774 1634 Primo

431 1683 542 1745 quniu
572 1705 592 1743 α
622 1679 803 1765 Vespasiano
830 1679 1008 1764 imperatore
1038 1681 1176 1745 deducto.
1233 1684 1264 1760 5,
1275 1681 1318 1748 49
1351 1675 1479 1742 Sebaste.
1531 1683 1563 1760 6,
1575 1682 1619 1747 ’10
1649 1681 1682 1741 in
1711 1699 1774 1763 quo

426 1789 517 1876 suere
538 1786 763 1871 Hierosolyma.

544 1915 584 1960 ac
612 1914 654 1959 ns
683 1891 747 1957 hoc
779 1890 911 1974 quidem
941 1891 1072 1957 videtur
1102 1889 1426 1975 praetermittendum
1457 1910 1529 1955 esse
1556 1896 1661 1954 totam
1683 1889 1775 1954 illam

433 2002 681 2087 descriptionem
712 2005 745 2080 5,
757 2001 899 2079 70-74,
923 1999 1008 2062 sicut
1038 2020 1059 2063 6
1090 1997 1248 2082 periegesi
1278 1997 1385 2062 aliena
1415 2005 1475 2075 est,
1507 1997 1556 2061 ita
1582 2006 1677 2061 extra
1698 2017 1776 2061 orae

434 2109 682 2192 descriptionem
705 2127 775 2170 esse
797 2107 946 2189 positam.
991 2127 1069 2170 nam
1093 2111 1123 2183 6,
1138 2107 1271 2175 66-69
1293 2105 1472 2189 periegesiu
1495 2125 1568 2168 cnm
1596 2103 1776 2168 recentiore

436 2215 652 2299 descriptione
674 2213 879 2278 coniunctam
903 2233 974 2277 esse
996 2210 1204 2276 ostendimus.

551 2321 607 2385 sed
631 2321 705 2405 quis
728 2319 792 2385 init
814 2321 974 2384 recentior
995 2320 1052 2384 iiie
1066 2327 1191 2399 auctor,
1215 2319 1314 2383 immo
1328 2318 1578 2395 recentissimus,
1601 2319 1630 2382 si
1645 2317 1778 2399 quidem

441 2433 530 2493 recte
552 2425 695 2491 coloniae
718 2424 850 2490 Primae
864 2424 1000 2490 Flaviae
1022 2427 1218 2490 mentionem
1241 2425 1282 2488 ad
1306 2446 1381 2488 eum
1403 2421 1610 2489 rettulimus?
1655 2424 1778 2507 quain

440 2535 630 2620 quaestione
661 2535 800 2599 maxime
828 2534 1038 2599 memorabile
1068 2542 1119 2598 est
1147 2535 1236 2616 ripas
1266 2533 1357 2598 lacus
1380 2530 1568 2598 Genesarae
1598 2553 1636 2596 eo
1665 2530 1780 2596 ordine

441 2642 537 2720 adiri,
559 2647 599 2706 ut
611 2642 703 2706 caeli
725 2641 843 2725 plagae
867 2642 960 2725 quasi
975 2641 1054 2706 orbe
1068 2643 1317 2707 circumeautur.
1363 2639 1398 2704 id
1412 2639 1500 2723 quod
1515 2646 1552 2704 nt
1567 2639 1609 2704 ab
1625 2638 1781 2722 Agrippa

438 2749 580 2813 alienum
614 2747 713 2828 est¹),
747 2748 795 2811 ita
827 2748 874 2811 eis
908 2746 987 2812 locis
1015 2754 1163 2831 apparet,
1194 2767 1275 2828 quos
1308 2746 1380 2810 aliis
1414 2747 1593 2810 rationibus
1626 2745 1780 2810 commoti

439 2855 590 2921 Muciano
612 2853 758 2918 tribuere
780 2853 983 2918 conabimur:
1007 2856 1127 2934 6,113.
1155 2858 1227 2920 114.
1273 2852 1327 2916 616
1347 2851 1390 2916 ab
1413 2853 1536 2916 oriente
1552 2851 1595 2917 ad
1611 2852 1781 2916 meridiem

438 2961 605 3042 transitur,
643 2959 719 3026 indo
755 2960 800 3025 66
835 2958 1044 3038 occidentem,
1083 2959 1124 3028 cf.
1165 2962 1264 3026 etiam
1302 2966 1333 3039 5,
1350 2963 1394 3029 72
1432 2959 1472 3023 ab
1508 2962 1618 3024 661666
1648 3007 1657 3023 .
1682 3009 1725 3026 ..
1759 2982 1781 3021 6
1911 2971 1914 2978 “

439 3069 562 3132 meridie
664 3070 752 3145 5,Ἱ3
775 3068 989 3132 (1110661ὶί2668.

551 3174 723 3238 Mucianus
737 3182 847 3238 autem
860 3195 993 3257 graecos
1007 3180 1137 3240 secutus
1151 3174 1345 3259 plerumque
1367 3177 1550 3259 scriptores,
1574 3176 1608 3238 in
1622 3173 1779 3239 vertendo

439 3287 535 3344 textu
556 3301 622 3343 uon
643 3301 769 3363 semper
791 3279 834 3344 ab
848 3280 1013 3346 erroribus
1034 3283 1129 3347 eavit.
1178 3283 1225 3346 sic
1241 3288 1271 3362 5,
1290 3286 1334 3349 70
1349 3302 1479 3363 quoqne
1499 3302 1617 3362 graeca
1631 3280 1781 3346 sublucet

440 3388 547 3468 origo:
579 3386 727 3447 Iordanes
747 3386 847 3447 amnis
878 3387 976 3447 oritur
1008 3408 1046 3449 cx
1075 3386 1164 3471 fonte
1197 3385 1369 3449 Paruum.-
1402 3382 1438 3449 ἐκ
1470 3385 1586 3472 κρήνης
1619 3384 1782 3462 Humidus

446 3493 603 3558 feminina
623 3490 728 3557 forma
750 3513 865 3575 parum
888 3499 965 3575 apte
986 3499 1145 3558 servatur.

555 3618 640 3681 quae
660 3598 845 3661 coniectura
866 3596 908 3661 66
929 3598 1100 3663 Muciauea
1122 3600 1247 3681 origine
1270 3621 1381 3664 eorum
1411 3620 1497 3683 quae
1528 3606 1560 3681 6,
1573 3603 1706 3670 68-70
1739 3599 1783 3665 66

443 3706 622 3791 periegesin
645 3703 886 3770 Varronianam
916 3705 1092 3786 adduntur,
1125 3706 1212 3771 6666
1243 3708 1448 3773 mediocriter
1476 3708 1613 3773 fulcitur
1634 3729 1673 3772 eo
1695 3707 1784 3791 quod

444 3814 543 3899 paulo
567 3820 645 3877 aute
670 3813 705 3876 in
730 3812 884 3894 Aegypto
914 3812 1127 3877 describenda
1156 3812 1327 3880 Mucianus
1358 3822 1389 3895 6,
1402 3819 1446 3884 60
1475 3823 1518 3895 et,
1550 3817 1578 3880 si
1607 3836 1714 3879 meam
1743 3815 1784 3879 de

445 3920 580 3986 6166616
601 3921 817 4003 suspicionem
840 3919 970 4001 probas,
993 3921 1094 3984 etiarn
1116 3926 1149 4003 6,
1161 3925 1204 3990 63
1218 3922 1394 3986 adhibitus
1415 3930 1477 3987 est.

558 4026 616 4092 sed
651 4034 783 4110 praeter
815 4025 998 4092 Varronem
1031 4028 1217 4110 Agrippam
1250 4028 1438 4093 Mucianum
1475 4036 1613 4112 quartus
1651 4028 1785 4111 quidam

446 4140 562 4197 auctor
582 4134 789 4214 cognoscitur
809 4132 845 4195 in
858 4131 966 4196 uerbis
981 4138 1013 4217 6,
1024 4134 1067 4200 61
1090 4134 1145 4216 qui
1162 4133 1298 4195 6666666
1313 4135 1461 4206 dmidunt,
1481 4133 1680 4219 66666666άί
1694 4131 1786 4217 Syrio

446 4238 615 4301 Pdomioeu
643 4238 753 4319 comus,
782 4249 811 4301 et
838 4238 1787 4326 ascommmuritiurumSyriumuimpoessitIdrmsueu

447 4344 577 4418 166666,
598 4344 670 4405 dein
683 4342 861 4416 Phoenicen,
883 4344 955 4405 dein
969 4341 1104 4427 Syrium.
1144 4345 1236 4409 onius
1251 4345 1415 4411 divisionis
1429 4349 1464 4411 in
1478 4368 1556 4412 orae
1571 4348 1787 4431 descriptione

449 4457 482 4531 6,
494 4454 593 4532 6666.
615 4452 776 4514 rationem
797 4471 863 4515 nou
884 4450 999 4514 haberi
1019 4452 1055 4515 in
1077 4453 1248 4535 propatulo
1271 4462 1330 4517 est
1376 4476 1451 4519 nam
1471 4452 1580 4519 Varro
1602 4454 1788 4519 Phoenicen

448 4556 578 4639 lougius
599 4554 747 4619 extendit
767 4564 803 4619 et
820 4578 881 4640 pro
895 4565 990 4640 parte
1005 4554 1120 4640 Syriae
1135 4557 1259 4639 habuit,
1276 4557 1452 4623 secundum
1467 4558 1655 4625 Mucianum
1676 4569 1788 4625 autem

449 4662 579 4729 Iudaea
605 4682 712 4745 nequo
732 4682 811 4744 pars
831 4661 947 4746 Syriae
968 4672 1019 4728 est
1044 4684 1105 4728 nec
1126 4684 1216 4729 mars
1237 4666 1354 4748 tangit
1399 4665 1611 4748 quamobrem
1636 4666 1789 4733 subtilior

450 4767 509 4832 ilia
540 4768 678 4850 partitio
709 4768 755 4833 ad
786 4780 940 4835 neutrum
966 4772 1119 4854 quadrat
1171 4780 1272 4856 atqua
1298 4793 1371 4837 eam
1397 4794 1462 4837 666
1488 4773 1592 4839 solnm
1619 4780 1789 4858 tamquam

564 4928 588 4996 ¹)
605 4926 633 4979 ei
649 4926 725 4981 6666
741 4926 813 4981 caeli
828 4928 927 4995 plagas
944 4928 987 4980 ita
1002 4944 1165 4981 enumerare
1182 4928 1268 4982 moris
1280 4934 1330 4994 est,
1349 4932 1381 4981 ut
1393 4932 1459 4997 pust
1470 4930 1563 4981 ortum
1575 4926 1713 4993 occidens,
1724 4928 1790 4982 dein

453 5014 669 5083 septentriones,
696 5015 796 5069 ultimo
820 5015 884 5069 loco
909 5015 1039 5068 meridies
1064 5020 1206 5084 sequatur,
1233 5015 1263 5069 id
1289 5014 1366 5084 quod
1388 5015 1517 5069 omnibu
1542 5015 1601 5071 bre
1626 5014 1790 5087 &quentis

452 5104 642 5160 mmmm.
