4275 6025
1073 695 1138 760 202

435 908 589 994 Agrippa
606 909 642 974 in
660 909 876 994 eomputando
898 907 927 976 O
949 908 1064 974 stadiis
1091 928 1216 973 errasse
1239 907 1376 972 videtur.
1423 905 1512 991 quod
1535 904 1605 970 fieri
1631 905 1808 989 potuisse

435 1015 641 1080 ouuoesseris.
695 1014 754 1080 sed
784 1014 937 1081 notabilis
968 1021 1019 1080 est
1050 1014 1249 1098 reliquorum
1281 1011 1426 1078 codicum
1456 1017 1588 1096 praeter
1617 1010 1657 1076 Ε
1691 1011 1807 1076 lectio

435 1111 563 1209 {XVIIl
586 1111 706 1202 XXII,
730 1141 816 1206 quas
838 1121 904 1186 illis
919 1126 1007 1191 1718
1016 1120 1055 1208 ἤι’,
1080 1143 1123 1186 m.
1141 1141 1173 1202 p.
1196 1119 1278 1185 adeo
1294 1120 1400 1184 vicina
1427 1125 1486 1198 est,
1514 1126 1552 1185 ut
1574 1139 1685 1202 aegre
1713 1117 1808 1183 mihi

436 1228 652 1312 persuadeam
672 1249 739 1293 non
761 1228 918 1311 seriptum
940 1226 1040 1292 fuisse
1061 1233 1121 1292 aut
1141 1217 1267 1314 [61¹1]
1291 1216 1403 1289 X‘JK
1420 1233 1480 1292 aut
1498 1216 1621 1312 W!
1640 1215 1807 1293 X‘VIHL

543 1341 648 1398 restat
669 1335 743 1419 ipss
764 1333 992 1400 Eratosthenis
1014 1353 1174 1405 mensura,
1204 1353 1299 1417 quem
1322 1323 1412 1419 ΙΧἯ)
1435 1330 1477 1397 ab
1499 1332 1583 1398 ostio
1606 1332 1638 1396 in
1669 1352 1806 1416 qnam·

436 1462 501 1526 que
515 1447 644 1525 partem
658 1441 847 1506 aestimasse
866 1439 988 1506 volunt.
1030 1447 1066 1504 at
1087 1431 1175 1523 till,
1197 1438 1266 1504 solo
1288 1437 1397 1504 oodice
1420 1436 1451 1502 l}
1470 1438 1594 1518 nititur,
1620 1436 1747 1500 XIII
1765 1438 1807 1501 in

435 1545 571 1630 reliquis
593 1552 711 1627 exstat,
734 1545 820 1611 unde
842 1544 886 1612 ab
908 1546 1002 1610 initio
1023 1537 1112 1633 lX—Hl
1144 1545 1210 1622 L¹)
1233 1545 1332 1610 fnisse
1358 1545 1391 1609 in
1415 1544 1589 1628 propatulo
1610 1551 1676 1610 est.
1737 1543 1806 1608 sed

436 1673 543 1734 neque
565 1651 618 1717 hie
639 1673 793 1717 numerus
814 1673 921 1735 neque
944 1653 974 1716 ei
998 1655 1056 1735 qui
1078 1653 1113 1717 in
1135 1651 1228 1716 libris
1251 1651 1365 1717 traditi
1388 1656 1464 1715 sunt
1485 1649 1553 1716 ullo
1572 1649 1728 1716 artificio
1751 1650 1805 1716 ad

437 1759 694 1824 Eratosthenem
714 1779 884 1824 mensuras
900 1757 1051 1842 adaptari
1074 1765 1218 1843 possunt.
1258 1757 1337 1841 quid
1360 1754 1485 1823 multa?
1523 1756 1672 1823 Isidorus
1702 1757 1803 1822 falso

434 1865 558 1930 Persici
572 1865 662 1930 mnus
676 1866 835 1931 ambitum
850 1867 894 1932 ad
909 1867 1089 1932 Arabicum
1108 1867 1286 1933 transtulit
1326 1866 1366 1933 cf.
1384 1870 1414 1944 6,
1433 1870 1498 1935 106
1513 1854 1634 1950 W
1648 1866 1800 1928 eimsitu

434 1983 470 2034 at
494 1971 704 2036 maeatae
732 1975 829 2036 vadit
857 1974 915 2056 qui
946 1994 1099 2039 numerus
1129 1973 1317 2038 dimidiatus
1345 1964 1437 2060 gx—JI,
1468 1972 1501 2036 L
1534 1971 1645 2038 efficit.
1695 1991 1801 2055 quae

435 2078 613 2161 disputatio
636 2078 679 2143 ad
702 2079 903 2162 singulorum
926 2079 1067 2145 indolem
1090 2079 1297 2163 aperiendam
1320 2101 1384 2145 uon
1401 2064 1497 2165 plane
1519 2079 1645 2144 inutilis
1668 2078 1757 2143 fuit.

541 2184 646 2267 primo
667 2185 768 2266 igitur
789 2184 860 2249 looo
883 2205 1052 2249 mensurae
1067 2185 1110 2250 ab
1134 2185 1262 2250 Isidoro
1286 2185 1432 2269 prolatae
1453 2191 1592 2265 exstant,
1616 2183 1796 2250 claudunt

436 2310 553 2374 agmen
568 2311 739 2356 mensurae
754 2311 795 2355 ex
809 2290 894 2356 Iuba
908 2292 1038 2375 petitae
1077 2292 1152 2357 iude
1174 2292 1208 2356 in
1229 2292 1438 2374 sequentibus
1453 2312 1583 2376 quoque
1598 2293 1794 2376 primarius

434 2405 548 2465 auctor
568 2404 620 2464 est
641 2398 801 2466 Isidorus:
824 2421 899 2464 nam
921 2401 1035 2478 6165
1058 2399 1147 2463 sinus
1169 2397 1422 2462 Laeaniticus
1445 2399 1565 2463 dieitur
1579 2420 1617 2464 eo
1640 2407 1792 2464 auctore

434 2504 492 2589 (ef.
520 2507 657 2583 6156).
702 2506 738 2570 in
767 2505 977 2590 sequentibus
1005 2525 1141 2588 meae
1167 2505 1300 2588 originis
1330 2505 1435 2570 multa
1467 2506 1617 2589 vestigia:
1649 2503 1790 2569 Heroon

434 2613 600 2698 oppidum:
629 2605 759 2696 Ἡρώων
785 2611 883 2688 πόλις
913 2619 961 2690 (at
991 2611 1074 2678 Iuba
1100 2607 1240 2694 ‘Hpuiuor
1271 2611 1454 2694 scripserat,
1487 2611 1527 2676 cf.
1555 2613 1668 2688 6,.156
1697 2613 1788 2674 inter

435 2719 553 2803 oppila
574 2716 714 2782 Heraean
735 2729 765 2782 et
789 2716 967 2802 Characen).

545 2822 693 2909 Cambysu
715 2825 910 2910 (oppidum).

540 2929 671 2994 Daneon
693 2943 812 3017 portast
834 2931 966 2995 Δανέων
987 2932 1094 3017 λιμήν.

541 3039 654 3118 6,167
677 3062 698 3100 a
723 3036 821 3102 Genu
842 3041 923 3124 quod
945 3038 1120 3123 adipsnffl)
1144 3048 1260 3099 vocarit:
1283 3033 1413 3119 ἄδιψον.

541 3145 655 3221 6,169
680 3143 818 3207 Matreu:
840 3148 989 3225 Ματρέου

679 3249 852 3312 Emtunaa:
872 3245 1079 3334 Ἔρατᾶνῳῧ)

540 3356 656 3418 insulae
676 3353 786 3418 Stenae
808 3354 948 3439 Ityraffi)
972 3355 1098 3440 aliquot:
1123 3355 1235 3419 Στεναὶ
1257 3354 1360 3437 θύραι

541 3463 572 3539 6,
587 3463 651 3530 172
666 3460 825 3523 Aduliton.-
836 3458 1038 3525 'Adovtirein
1073 3461 1130 3525 sed
1144 3474 1317 3545 postquam
1337 3460 1498 3525 intellexit
1512 3460 1641 3526 Plinius
1657 3463 1687 3541 6,
1702 3465 1772 3530 174

433 3565 676 3652 Adummim‘).

540 3675 654 3753 6173
675 3674 791 3738 insulae
812 3696 890 3758 quae
911 3674 1022 3738 Aliaeu
1043 3668 1214 3760 (littonias)
1237 3686 1383 3737 vocantur.

677 3779 855 3844 Str-utinen:
878 3787 1094 3865 Στρατιωτῶν.

540 3891 655 3968 6174
676 3892 760 3951 aaut
781 3887 920 3952 Abulites:
940 3884 1114 3969 Ἆβαλίτου.

433 3993 575 4061 barbara
612 4016 742 4079 quoque
776 3996 908 4059 nomina
948 3996 991 4060 ab
1024 3994 1152 4061 Isidoro
1190 3993 1345 4077 explicari
1385 4012 1485 4076 supra
1523 3992 1670 4058 vidimus.
1728 4012 1769 4055 en

433 4103 547 4179 6,165
569 4103 652 4164 mnae
674 4124 761 4186 quem
783 4101 902 4164 Arabes
923 4088 1146 4164 Aean-vocant.
1191 4102 1304 4179 6168
1320 4098 1393 4183 sous
1415 4108 1457 4161 eat
1479 4099 1577 4161 Ainos
1599 4099 1658 4181 (sic
1680 4104 1769 4163 recte

433 4207 644 4274 Detlefsenus
665 4209 706 4274 cf.
731 4211 859 4289 6156)
885 4207 927 4274 ef.
951 4211 1076 4285 6159.

542 4457 563 4522 ¹)
581 4456 600 4507 i.
619 4456 713 4510 10000
730 4453 801 4507 stad.

540 4542 567 4611 ⁸)
584 4542 625 4595 sie
643 4541 737 4611 Sillim
754 4539 887 4611 opiparem
903 4539 963 4593 lere
980 4538 1062 4595 eodd.
1081 4543 1109 4592 et
1128 4538 1313 4592 Detlelsenus.

541 4630 638 4702 'tque
655 4632 720 4685 loeo
737 4647 835 4700 repam
851 4629 883 4683 ti
894 4628 1035 4699 praefecti
1050 4627 1130 4697 suere
1147 4626 1301 4698 legendum.
1333 4626 1454 4681 Murum
1470 4632 1499 4678 et
1512 4623 1662 4680 Stratonos
1680 4644 1769 4696 nuper

432 4719 610 4777 Detlelseuus
627 4719 726 4785 edidit,
743 4718 797 4773 hoo
814 4719 911 4786 utique
927 4724 1004 4771 reete
1021 4717 1076 4770 nisi
1094 4718 1167 4771 torte
1186 4714 1295 4770 Plinius
1312 4715 1343 4770 Ε
1358 4734 1409 4785 pru
1429 4716 1514 4784 002)
1543 4715 1618 4784 apud
1640 4732 1768 4784 graecum

433 4816 577 4863 auctorem
594 4807 708 4877 legerat

540 4901 563 4967 ⁴)
583 4898 623 4951 sie
640 4896 716 4965 quod
733 4895 867 4949 truditum
885 4900 929 4949 est
945 4896 1187 4964 interpretandum
1204 4894 1306 4949 iudico.
1340 4894 1424 4963 vulgo
1441 4892 1520 4948 dirue
1537 4893 1565 4961 (i.
1584 4890 1680 4963 δειρω)
1700 4894 1767 4947 sori-

433 4983 1249 5056 museto,1ttim1oe...fmaoppus...1p1oe.

539 5077 563 5145 ⁸)
579 5093 617 5131 au
634 5075 720 5129 etiam
738 5076 829 5140 61ῖῖ
848 5073 927 5129 laesa
944 5072 1082 5128 Haeduis
1101 5089 1164 5127 cum
1181 5070 1209 5125 D
1226 5070 1394 5140 legendum?
