4275 6025
1025 734 1067 799 99

487 943 544 1011 sed
567 944 656 1029 quod
679 944 903 1012 Mauretaniae
926 943 1084 1029 quasdam
1107 944 1249 1012 colonias
1273 942 1418 1011 Plinium
1448 966 1489 1011 ex
1520 943 1639 1011 eisdem
1668 964 1718 1009 re·

378 1052 501 1137 cepisse
516 1049 674 1119 Ountzius
695 1051 876 1118 arbitratur
885 1050 922 1138 ¹),
946 1072 1063 1135 parum
1079 1051 1159 1117 mihi
1174 1051 1341 1136 probatur.
1388 1073 1463 1117 nam
1478 1057 1591 1117 contra
1606 1071 1717 1117 earum

378 1179 475 1225 usum
508 1158 654 1243 Augusti
688 1158 864 1224 conditoris
898 1178 1014 1223 nomen
1049 1152 1234 1243 appositum
1268 1164 1327 1227 est.
1385 1158 1443 1224 sed
1480 1159 1552 1224 aliis
1587 1174 1734 1243 quoque*

378 1264 560 1331 rationibus
583 1285 827 1346 commovemur,
852 1270 891 1329 ut
910 1264 1134 1331 Mauretaniae
1157 1264 1404 1349 descriptionem
1426 1285 1492 1331 non
1515 1264 1556 1331 ad
1579 1263 1717 1330 eundem

379 1374 546 1436 auctorem
565 1371 755 1455 reseramus,
780 1390 877 1454 quem
898 1371 932 1435 in
954 1370 1135 1436 meridiana
1156 1370 1356 1455 potissimum
1373 1369 1507 1454 Europa
1522 1375 1650 1436 secutus
1666 1373 1716 1435 est

379 1475 517 1543 Plinius.
563 1477 599 1543 id
622 1477 709 1562 quod
731 1476 818 1542 infra
839 1478 1024 1542 accuratius
1047 1496 1252 1560 exponemus.

486 1582 550 1648 iem
573 1588 610 1649 ut
633 1580 951 1667 comprehendamus,
975 1582 1009 1648 in
1031 1582 1194 1650 nonnullis
1215 1581 1313 1646 terris
1327 1580 1453 1646 Plinius
1468 1579 1634 1648 laterculis
1652 1601 1716 1645 non

378 1688 502 1773 primus
530 1710 606 1756 usus
634 1695 692 1756 est.
744 1691 778 1756 iu
813 1689 858 1753 eis
890 1689 991 1773 igitur
1022 1688 1208 1774 regionibus
1238 1687 1457 1754 describendis
1486 1710 1552 1754 non
1582 1685 1717 1752 eundem

379 1816 475 1880 quem
497 1796 531 1861 in
559 1797 674 1865 ceteris
701 1796 852 1863 adhibuit
874 1803 1056 1878 auctorem;
1080 1817 1164 1881 quae
1187 1796 1348 1862 sententia
1369 1801 1484 1881 postea
1511 1794 1585 1860 aliis
1612 1793 1718 1859 causis

377 1901 572 1969 firmabitur.

487 2030 588 2075 unum
609 2014 722 2090 restat,
746 2015 783 2074 ut
806 2008 846 2074 de
869 2010 1013 2092 Augusti
1036 2007 1270 2094 Agrippaeque
1297 2029 1394 2093 opere
1416 2008 1638 2094 quaestionem
1660 2008 1717 2073 ab·

379 2114 549 2185 solvamus.
594 2112 786 2201 Ountuiusi)
810 2114 896 2180 enim
918 2136 1019 2180 unum
1042 2136 1123 2199 opus
1145 2115 1187 2180 ab
1211 2117 1257 2181 eis
1278 2098 1490 2201 compositum
1506 2135 1575 2180 esse
1590 2114 1717 2191 statuit,

379 2242 445 2305 quo
468 2227 501 2286 et
522 2220 655 2286 tabulae
678 2220 754 2286 illae
782 2221 946 2287 censoriae
977 2226 1010 2286 et
1042 2222 1265 2287 commentarii
1293 2222 1413 2306 quibus
1447 2242 1525 2286 usus
1547 2219 1718 2305 Augustus

380 2332 495 2410 postes
521 2326 633 2392 orbem
654 2326 851 2412 pingendum
880 2329 1014 2411 curavit,
1049 2327 1270 2412 comprehensi
1293 2333 1408 2393 essent.
1459 2326 1516 2392 sed
1543 2325 1619 2391 hinc
1643 2325 1719 2410 plus

379 2454 444 2500 uno
459 2434 589 2499 nomine
604 2432 813 2499 difficultates
833 2433 1034 2503 oboriuntur.
1074 2433 1171 2499 aliter
1186 2434 1271 2499 enim
1287 2433 1484 2517 Hispaniam
1500 2434 1534 2497 in
1550 2433 1719 2517 Agrippae

379 2540 627 2621 commentariis,
661 2539 758 2605 aliter
783 2541 818 2605 in
846 2540 991 2625 Augusti
1023 2539 1146 2606 tabulis
1177 2539 1313 2605 divisam
1346 2560 1418 2605 esse
1449 2537 1623 2605 Ountaium
1652 2560 1717 2603 nou

380 2646 474 2729 fugit.
512 2642 664 2731 Agrippa
686 2647 772 2712 enirn
788 2646 988 2714 Gallaeciam
1004 2645 1241 2732 Asturiamque
1263 2668 1337 2713 oum
1353 2645 1525 2711 Lusitania
1541 2646 1717 2729 coniunxit,

378 2774 459 2837 quas
493 2752 667 2834 Augustus
701 2750 946 2819 Tarraconensi
972 2753 1156 2837 provinciae
1193 2751 1354 2820 attribuit
1413 2752 1483 2818 fieri
1517 2753 1620 2836 igitur
1652 2774 1717 2819 non

378 2860 522 2943 potuisse
545 2864 703 2941 autumat,
733 2866 770 2925 ut
785 2866 992 2926 mutarentur
1007 2866 1078 2925 tum
1094 2881 1167 2926 cum
1182 2860 1329 2945 Augusti
1343 2859 1476 2926 tabulae
1492 2878 1718 2943 componeren-

378 2972 443 3045 tur,
467 2985 551 3051 quae
582 2966 617 3033 iu
644 2966 813 3052 Agrippae
845 2968 1084 3034 commentariis
1112 2968 1280 3053 proposita
1307 2972 1409 3037 erant.
1459 2968 1512 3034 cni
1539 2966 1718 3033 sententiae

378 3073 475 3158 plane
496 3074 622 3141 accedo.
668 3081 777 3140 tamen
801 3076 962 3160 quomodo
986 3075 1145 3143 Ountzius
1168 3096 1240 3141 eam
1263 3074 1487 3141 diversitatem
1510 3073 1718 3159 explicaverit

379 3201 443 3246 non
458 3181 573 3266 placet.
604 3186 798 3248 testamento
816 3184 902 3248 euim
913 3182 1085 3269 Agrippae
1099 3187 1208 3249 censet
1222 3185 1357 3248 cautum
1372 3203 1452 3265 esse,
1469 3202 1511 3248 ns
1526 3180 1605 3264 quid
1620 3201 1661 3246 ex
1672 3182 1717 3246 eis

379 3309 462 3372 quae
485 3287 663 3370 reliquerat
685 3288 921 3359 immutaretur.
969 3310 1035 3373 qua
1058 3288 1098 3354 de
1120 3311 1157 3355 re
1178 3309 1243 3354 uon
1266 3289 1362 3355 modo
1377 3288 1459 3354 nihil
1472 3286 1640 3370 traditum,
1661 3287 1717 3352 sed

381 3393 506 3459 videtur
530 3399 621 3459 tanto
643 3395 712 3460 viro
737 3415 807 3460 esse
829 3396 962 3480 indigna
984 3416 1187 3480 parvumque
1209 3394 1380 3461 ostendere
1401 3395 1565 3479 ingenium
1580 3395 1717 3460 hominis

378 3499 502 3585 gloriae
524 3521 602 3566 suae
624 3507 752 3567 tantum
774 3499 922 3583 faventis,
947 3502 1076 3586 qualem
1100 3502 1287 3586 Agrippam
1309 3522 1374 3568 non
1396 3502 1550 3569 novimus.

485 3627 524 3672 ac
545 3628 586 3672 ue
609 3606 691 3672 illud
714 3606 845 3690 quidem
870 3614 1097 3692 argumentum
1125 3629 1190 3692 quo
1213 3608 1370 3675 Ountuius
1403 3610 1594 3675 sententiam
1626 3629 1717 3672 suam
1842 3695 1845 3702 Ι

379 3712 495 3778 fulcire
518 3718 664 3794 conatur,
687 3712 768 3778 mihi
790 3713 919 3779 videtur
941 3716 1020 3780 satis
1043 3715 1160 3781 valere.
1207 3737 1284 3781 nam
1306 3716 1334 3781 si
1360 3736 1472 3780 verum
1502 3720 1597 3789 esset,
1630 3714 1717 3797 quod

379 3817 435 3884 ille
458 3815 610 3904 statuit⁸)
637 3824 770 3903 propter
793 3817 964 3886 Strabonis
992 3820 1092 3886 verba
1119 3824 1185 3890 314
1207 3819 1290 3886 διότι
1313 3825 1406 3903 μέχρι
1429 3818 1549 3897 Πόλας,
1571 3814 1718 3905 ’Impexis

378 3921 516 4004 πόλεως,
538 3921 721 4011 προήγαγον
744 3921 776 3988 οἱ
797 3925 851 3989 νῦν
873 3921 1022 4012 ἡγεμόνες
1043 3925 1120 4004 τούς
1142 3931 1199 4014 τῆς
1220 3921 1357 4003 Ἰταλίας
1380 3922 1473 4012 ὅρους
1492 3925 1626 3990 Arsiam
1654 3946 1717 3990 nou

379 4036 455 4097 ante
477 4051 598 4096 sunum
620 4051 650 4097 a.
671 4029 749 4102 Ohr.
766 4033 786 4100 9
809 4033 891 4117 (743
915 4053 945 4101 s.
961 4054 994 4099 u.
1010 4035 1054 4119 e.)
1071 4033 1190 4099 Italiae
1205 4030 1301 4098 finem
1317 4031 1439 4099 factum
1455 4041 1717 4119 esse,'mensurae

379 4158 463 4221 quae
493 4157 532 4202 eo
562 4158 667 4221 usque
699 4145 844 4219 currunt,
877 4139 919 4205 ab
947 4141 1098 4225 Agrippa
1130 4139 1365 4205 abiudicandae
1395 4137 1437 4205 ad
1465 4137 1717 4222 Augustumque

378 4243 486 4328 potius
508 4241 698 4310 referendae
720 4252 838 4323 essent,
863 4266 943 4331 opus
965 4247 1007 4312 sb
1029 4247 1134 4312 amico
1149 4246 1336 4312 incohatum
1351 4246 1405 4312 hic
1420 4265 1548 4330 quoque
1564 4243 1717 4310 adfinem

379 4349 620 4434 perducentem.
666 4357 702 4416 at
751 4353 926 4436 permirum
966 4356 1059 4433 esset,
1094 4352 1123 4418 si
1157 4352 1285 4417 Plinius
1327 4353 1361 4417 in
1402 4351 1524 4417 tabulis
1566 4351 1718 4417 censoriis

378 4458 550 4552 utriusque
571 4462 681 4540 partes
704 4457 785 4525 adeo
812 4458 983 4543 diligenter
1005 4457 1233 4537 distribuisset,
1258 4465 1296 4524 ut
1317 4457 1462 4542 Augusti
1488 4478 1604 4523 nomen
1626 4458 1661 4522 iu
1684 4455 1716 4523 V

380 4570 414 4629 et
436 4563 490 4632 VI
515 4563 623 4629 indice
653 4564 826 4643 omitteret,
858 4565 898 4631 de
927 4566 1087 4631 mensuris
1110 4563 1270 4649 quomodo
1292 4586 1345 4631 res
1367 4586 1402 4631 se
1424 4565 1570 4644 haberet,
1601 4584 1716 4648 parum

487 4758 509 4825 ²)
529 4757 600 4814 1890
618 4775 645 4828 p.
666 4759 726 4815 520.

489 4846 510 4914 ²)
529 4846 599 4902 1890
617 4862 645 4916 p.
665 4847 725 4902 524.

488 4935 508 5005 ⁸)
528 4937 599 4992 1888
623 4953 651 5005 p.
676 4935 718 4990 27.
759 4938 836 4990 reete
859 4935 971 4992 videtur
988 4935 1128 5006 respuisse
1150 4934 1261 4992 Nisseui
1288 4934 1455 4991 senteutiam
1471 4934 1520 5004 qui
1538 4934 1576 4990 ad
1601 4933 1718 4988 ultimos

379 5024 489 5078 tantum
501 5023 621 5094 Augusti
641 5041 727 5079 annos
746 5039 891 5079 commune
910 5024 963 5078 hoe
976 5023 1071 5080 Tiberi
1083 5041 1145 5080 cum
1158 5027 1239 5094 patre
1250 5024 1392 5094 negotium
1404 5022 1503 5078 referri
1515 5039 1596 5092 posse
1609 5026 1717 5078 censet:

378 5110 445 5168 Ital.
463 5112 602 5168 Laudeslr.
621 5111 637 5167 I
655 5131 683 5183 p.
702 5114 744 5169 31.
764 5114 807 5170 81.

1520 5200 1557 5256 7·
