4275 6025
1003 717 1041 780 ll

354 931 519 994 extremae
542 928 750 1012 descriptioni
772 925 1013 1010 adglutinatum
1036 931 1095 990 est.
1142 945 1226 1008 quae
1248 944 1323 990 cum
1345 925 1392 990 ita
1415 925 1489 1004 sint,
1513 923 1603 990 haud
1625 924 1692 991 scio

356 1054 399 1099 an
422 1034 519 1100 liceat
542 1035 686 1100 conicere
709 1033 849 1099 Plinium
871 1037 985 1116 postca
1006 1031 1064 1096 ubi
1087 1030 1245 1099 Varronis
1268 1030 1309 1096 de
1339 1032 1405 1096 vita
1427 1052 1459 1115 p.
1484 1031 1561 1114 111)
1591 1030 1692 1097 libros

357 1139 516 1220 adhibuit,
541 1141 575 1204 in
598 1140 716 1223 quibus
737 1139 795 1205 illa
818 1138 1075 1205 commodissime
1096 1137 1204 1203 locum
1226 1137 1355 1218 habent,
1379 1159 1419 1203 ex
1442 1139 1489 1204 eis
1503 1139 1585 1204 haec
1600 1137 1692 1204 addi·

356 1245 452 1311 disse.
500 1245 556 1312 sed
579 1267 652 1313 cum
674 1246 770 1331 plane
793 1247 917 1311 incerta
939 1265 992 1310 res
1015 1245 1067 1323 sit,
1092 1245 1155 1311 hoc
1176 1250 1306 1310 tantum
1322 1245 1409 1311 dico:
1432 1245 1475 1310 ad
1491 1244 1692 1342 legationum

357 1349 467 1432 libros,
498 1353 616 1434 quibus
647 1351 884 1420 Oehmichenus
915 1349 1139 1435 supplementa
1161 1349 1368 1419 Varroniana
1397 1348 1581 1434 adscripsit,
1611 1349 1692 1414 haec

357 1457 488 1524 minime
509 1461 679 1544 quadrare.

464 1569 532 1630 tum
554 1570 585 1646 4,
597 1568 639 1636 66
663 1565 772 1649 agitur
803 1563 843 1628 de
866 1561 951 1629 Delo
982 1561 1089 1627 insula
1118 1561 1161 1627 ad
1191 1561 1237 1628 Μ.
1265 1560 1425 1631 Varronis
1454 1569 1596 1628 aetatem
1626 1584 1692 1629 non

355 1691 510 1736 concussa
533 1672 673 1739 motibus
689 1680 807 1737 terrae.
854 1670 908 1734 hic
922 1669 1051 1734 Plinius
1075 1669 1223 1735 criticum
1247 1691 1281 1734 se
1303 1670 1412 1754 gessit.
1459 1669 1584 1753 legerat
1607 1670 1692 1736 enim

355 1777 444 1861 apud
465 1777 649 1846 Varronem
672 1776 795 1843 Delum
817 1781 924 1842 terrae
947 1781 1074 1842 motum
1096 1796 1161 1841 non
1184 1775 1331 1856 sensisse,
1365 1774 1481 1841 deinde
1509 1775 1599 1859 apud
1621 1775 1692 1841 Mu·

358 1885 485 1949 cianum
507 1884 638 1964 invenit,
664 1885 799 1950 eandem
822 1883 873 1949 bis
905 1905 975 1949 esse
1006 1902 1203 1949 concussam,
1249 1902 1328 1966 ergo
1358 1882 1444 1947 inter
1471 1882 1627 1949 Varronis
1659 1887 1692 1948 61

354 1991 498 2056 Muciani
533 1996 674 2056 aetatem
704 1990 765 2056 hoc
795 1989 919 2055 factum
949 2009 1018 2054 esse
1048 1987 1213 2053 conclusit.
1267 1986 1438 2054 Mucianea
1467 1993 1577 2053 autem
1608 1989 1692 2054 sicut

357 2096 444 2162 inira
466 2096 655 2177 videbimus,
679 2101 792 2180 postea
815 2097 938 2161 inserta
960 2099 1046 2177 sunt,
1071 2116 1156 2179 quae
1171 2095 1331 2160 sententia
1353 2094 1416 2160 hoc
1434 2095 1506 2180 ipso
1521 2094 1592 2160 loco
1607 2115 1692 2160 com·

355 2203 525 2286 probatur.
569 2207 684 2266 contra
707 2201 913 2270 Varroniana
935 2203 1056 2286 optime
1079 2221 1153 2266 cum
1175 2201 1311 2286 reliquis
1334 2201 1518 2283 cohaerent,
1548 2199 1583 2266 id
1603 2201 1692 2285 quod

355 2305 594 2373 Oehmichenus
618 2329 748 2392 quoque
771 2309 913 2392 66116111).

463 2434 558 2497 porro
581 2418 612 2497 4,
627 2417 669 2484 77
691 2415 726 2478 in
749 2415 885 2480 circuitu
905 2414 1003 2481 Ponti
1025 2413 1199 2480 indicando
1222 2432 1338 2496 agmen
1360 2418 1529 2478 auctorum
1553 2434 1691 2498 quorum

357 2537 525 2582 mensuras
547 2516 674 2583 Plinius
696 2519 829 2604 profert,
862 2518 969 2589 Varro
1000 2520 1100 2586 ducit.
1147 2517 1289 2584 eiusdem
1317 2539 1488 2586 mensurae
1510 2526 1541 2600 4,
1556 2525 1599 2590 78
1626 2543 1691 2586 non

357 2622 462 2687 solum
484 2624 592 2708 priore
614 2624 693 2708 loco,
716 2626 773 2691 sed
795 2627 894 2692 etiam
914 2626 1103 2710 diligentius
1119 2625 1366 2709 accuratiusque
1389 2645 1487 2709 quam
1503 2621 1691 2710 Agrippeae

353 2728 563 2798 adnotantur.
609 2729 694 2796 unde
725 2737 758 2796 et
785 2732 900 2815 quanti
922 2730 1050 2797 Plinius
1079 2750 1134 2796 eas
1164 2730 1383 2796 aestimaverit
1417 2737 1450 2796 et
1479 2752 1578 2815 quam
1609 2730 1692 2798 bene

353 2855 427 2899 cum
449 2836 607 2920 periegesi
630 2839 800 2904 coniuncta
824 2839 898 2918 sint,
922 2837 1135 2922 intellegitur.

461 2941 615 3008 laudatur
645 2944 762 3010 deinde
793 2944 901 3013 Varro
934 2944 985 3010 bis
1016 2947 1135 3025 4,115.
1161 2947 1237 3015 116.
1269 2941 1328 3008 sed
1358 2949 1446 3009 recte
1473 2945 1539 3010 iam
1563 2943 1692 3010 Detlef-

354 3047 483 3136 666661)
507 3056 538 3132 4,
553 3056 728 3123 114-116
752 3048 896 3121 Varroni
923 3051 1108 3136 adscripsit.
1154 3051 1283 3117 diversa
1314 3057 1363 3117 est
1390 3056 1500 3117 antem
1526 3052 1607 3117 haec
1634 3051 1692 3118 de·

357 3156 489 3240 scriptio
505 3156 547 3223 ab
563 3178 601 3223 ea
616 3180 714 3243 quam
729 3157 857 3224 Plinius
880 3164 956 3224 ante
971 3160 1151 3244 proposuit.
1167 3158 1321 3244 incipitur
1338 3158 1423 3223 enim
1438 3158 1542 3224 denuo
1559 3158 1691 3226 aMinio

355 3285 451 3347 quem
474 3263 601 3330 Plinius
624 3268 706 3332 sicut
721 3264 863 3331 Limiam
885 3267 950 3332 iam
974 3287 1074 3350 supra
1095 3268 1204 3345 4,112
1224 3266 1388 3332 tractavit.
1426 3266 1504 3330 item
1518 3264 1690 3331 Aeminius

354 3372 460 3447 4,115
485 3376 602 3450 exstat,
626 3371 682 3437 sed
697 3372 762 3436 iam
777 3374 886 3454 4,113
910 3372 1058 3457 oppidum
1082 3381 1110 3434 et
1126 3370 1246 3457 flumen
1259 3372 1443 3434 Aeminium.
1482 3370 1556 3437 dein
1577 3378 1691 3456 gentes

354 3480 545 3557 repetuntur
566 3480 677 3557 4,116
701 3475 817 3543 Celtici
825 3477 850 3561 ⁴)
874 3476 1014 3544 Turduli
1043 3478 1110 3544 iam
1138 3485 1236 3543 antea
1263 3485 1541 3545 commemoratae.
1586 3479 1690 3544 ineis

354 3583 463 3646 autem
486 3604 569 3666 quae
592 3584 789 3650 antecedunt
815 3587 995 3651 recentiore
1022 3585 1164 3669 quodam
1186 3584 1276 3649 fonte
1306 3606 1384 3651 usus
1408 3589 1457 3650 est
1478 3583 1614 3666 Plinius,
1649 3584 1690 3649 de

354 3706 418 3771 quo
439 3688 526 3755 inira
548 3691 731 3756 accuratius
753 3711 896 3773 agemus.

460 3799 586 3860 restant
617 3795 681 3861 duo
713 3795 791 3861 libri
822 3797 906 3863 sexti
936 3798 1012 3864 loci:
1050 3799 1080 3877 6,
1093 3799 1146 3865 38.
1174 3800 1228 3865 51.
1275 3801 1374 3882 atque
1408 3818 1448 3861 ea
1484 3817 1568 3880 quae
1602 3798 1632 3877 6,
1647 3798 1690 3866 38

356 3897 504 3967 Varrone
526 3908 658 3967 auctore
681 3902 867 3969 referuntur
889 3906 1012 3987 optime
1035 3904 1208 3970 cohaerere
1238 3924 1311 3969 cum
1340 3903 1435 3968 initio
1466 3902 1691 3986 descriptionis

352 4008 450 4071 maris
474 4005 587 4093 Caspii
610 4011 641 4089 6,
658 4012 700 4079 36
724 4010 865 4076 ostendit
889 4008 1163 4097 Oehmichenus⁶)
1194 4010 1331 4075 exclusis
1358 4009 1511 4074 nimirum
1533 4006 1689 4094 Isidori⁶)

353 4118 388 4176 et
403 4112 604 4199 Agrippae')
628 4112 827 4199 fragmentis.
873 4116 930 4182 sed
953 4122 1063 4182 manet
1086 4114 1248 4181 dubitatio
1270 4121 1381 4181 utrum
1403 4114 1505 4181 verba
1527 4118 1557 4198 6,
1571 4119 1614 4186 37
1630 4136 1690 4180 non

356 4290 567 4304 ῃ

462 4396 484 4465 ¹)
503 4395 537 4449 61.
556 4394 679 4464 Miinzer,
697 4393 747 4450 l.l.
766 4411 794 4464 p.
813 4397 911 4465 251sq.

462 4483 763 4643 :iiiimffludiii
781 4487 1018 4630 1161111166616166
1045 4574 1116 4630 1677
1144 4589 1171 4643 p.
1191 4574 1271 4642 23sq.
1313 4573 1349 4630 oi.
1375 4573 1586 4642 Oehmichenus,
1613 4570 1690 4631 Ptin.

352 4660 432 4717 sm·
451 4662 668 4821 {3825}ss
695 4755 724 4806 et
749 4750 874 4807 Rcberto
897 4750 1089 4806 crikeladensi
1115 4755 1191 4807 recte
1214 4752 1389 4809 Detleisenus
1420 4751 1523 4808 Philol.
1543 4750 1577 4806 36
1597 4749 1690 4820 (1877)

351 4838 484 4999 Ι11141)
503 4927 522 4980 1.
540 4927 560 4984 l.
579 4926 650 4984 1880
668 4943 695 4996 p.
715 4928 757 4983 26.

462 5017 484 5087 ο)
503 5032 559 5073 nors
576 5017 669 5073 minua
687 5059 694 5073 .
714 5057 721 5074 .
741 5058 748 5074 .
767 5017 892 5075 uouit
906 5007 1002 5075 ’XYV
1010 5036 1040 5089 p.

463 5103 485 5175 7)
505 5104 658 5175 Agrippa.
678 5146 683 5158 .
698 5104 832 5174 prodidit.
