<?xml version="1.0" encoding="UTF-8"?>
<!DOCTYPE html PUBLIC "-//W3C//DTD XHTML 1.0 Transitional//EN"
    "http://www.w3.org/TR/xhtml1/DTD/xhtml1-transitional.dtd">
<html xmlns="http://www.w3.org/1999/xhtml" xml:lang="en" lang="en">
 <head>
  <title>
</title>
<meta http-equiv="Content-Type" content="text/html;charset=utf-8" />
  <meta name='ocr-system' content='tesseract 3.04.00' />
  <meta name='ocr-capabilities' content='ocr_page ocr_carea ocr_par ocr_line ocrx_word'/>
</head>
<body>
  <div class='ocr_page' id='page_1' title='image "./quaestionesplin00klotgoog_0140.png"; bbox 0 0 4275 6025; ppageno 0'>
   <div class='ocr_carea' id='block_1_1' title="bbox 1048 705 1113 769">
    <p class='ocr_par' dir='ltr' id='par_1_1' title="bbox 1048 705 1113 769">
     <span class='ocr_line' id='line_1_1' title="bbox 1048 705 1113 769; baseline 0 -1"><span class='ocrx_word' id='word_1_1' title='bbox 1048 705 1113 769; x_wconf 87' lang='lat'><strong>130</strong></span> 
     </span>
    </p>
   </div>
   <div class='ocr_carea' id='block_1_2' title="bbox 402 912 1767 4726">
    <p class='ocr_par' dir='ltr' id='par_1_2' title="bbox 402 912 1751 2381">
     <span class='ocr_line' id='line_1_2' title="bbox 405 912 1750 1000; baseline -0.001 -21"><span class='ocrx_word' id='word_1_2' title='bbox 405 914 544 981; x_wconf 69' lang='lat' dir='ltr'><strong>Hbtriue</strong></span> <span class='ocrx_word' id='word_1_3' title='bbox 557 914 725 979; x_wconf 68' lang='lat' dir='ltr'><strong>Libumioe</strong></span> <span class='ocrx_word' id='word_1_4' title='bbox 735 914 917 979; x_wconf 80' lang='lat' dir='ltr'><strong>Dalmatiae</strong></span> <span class='ocrx_word' id='word_1_5' title='bbox 931 935 998 1000; x_wconf 88' lang='lat' dir='ltr'><strong>eqs.</strong></span> <span class='ocrx_word' id='word_1_6' title='bbox 1014 916 1073 999; x_wconf 89' lang='lat' dir='ltr'><strong>qui</strong></span> <span class='ocrx_word' id='word_1_7' title='bbox 1087 915 1167 981; x_wconf 91' lang='lat' dir='ltr'><strong>ordo</strong></span> <span class='ocrx_word' id='word_1_8' title='bbox 1183 936 1257 981; x_wconf 89' lang='lat' dir='ltr'><strong>cum</strong></span> <span class='ocrx_word' id='word_1_9' title='bbox 1268 914 1311 980; x_wconf 91' lang='lat' dir='ltr'><strong>ab</strong></span> <span class='ocrx_word' id='word_1_10' title='bbox 1322 915 1395 999; x_wconf 90' lang='lat' dir='ltr'><strong>ipsa</strong></span> <span class='ocrx_word' id='word_1_11' title='bbox 1406 914 1622 999; x_wconf 75' lang='lat' dir='ltr'><strong>descriptione</strong></span> <span class='ocrx_word' id='word_1_12' title='bbox 1631 912 1750 979; x_wconf 87' lang='lat' dir='ltr'><strong>abhor-</strong></span> 
     </span>
     <span class='ocr_line' id='line_1_3' title="bbox 405 1020 1751 1101; baseline -0.004 -13"><span class='ocrx_word' id='word_1_13' title='bbox 405 1042 480 1088; x_wconf 91' lang='lat' dir='ltr'><strong>rere</strong></span> <span class='ocrx_word' id='word_1_14' title='bbox 490 1021 665 1101; x_wconf 84' lang='lat' dir='ltr'><strong>videretur,</strong></span> <span class='ocrx_word' id='word_1_15' title='bbox 680 1022 729 1088; x_wconf 91' lang='lat' dir='ltr'><strong>ita</strong></span> <span class='ocrx_word' id='word_1_16' title='bbox 744 1021 787 1088; x_wconf 90' lang='lat' dir='ltr'><strong>ab</strong></span> <span class='ocrx_word' id='word_1_17' title='bbox 799 1020 978 1088; x_wconf 82' lang='lat' dir='ltr'>editoribus</span> <span class='ocrx_word' id='word_1_18' title='bbox 989 1022 1162 1087; x_wconf 85' lang='lat' dir='ltr'><strong>restitutus</strong></span> <span class='ocrx_word' id='word_1_19' title='bbox 1180 1027 1242 1101; x_wconf 90' lang='lat' dir='ltr'><strong>est,</strong></span> <span class='ocrx_word' id='word_1_20' title='bbox 1264 1027 1303 1087; x_wconf 90' lang='lat' dir='ltr'><strong>ut</strong></span> <span class='ocrx_word' id='word_1_21' title='bbox 1316 1020 1455 1084; x_wconf 78' lang='lat' dir='ltr'><strong>Histriae</strong></span> <span class='ocrx_word' id='word_1_22' title='bbox 1468 1041 1585 1086; x_wconf 92' lang='lat' dir='ltr'><strong>nomen</strong></span> <span class='ocrx_word' id='word_1_23' title='bbox 1600 1025 1676 1086; x_wconf 91' lang='lat' dir='ltr'><strong>ante</strong></span> <span class='ocrx_word' id='word_1_24' title='bbox 1690 1020 1751 1083; x_wconf 85' lang='lat' dir='ltr'><strong>Al-</strong></span> 
     </span>
     <span class='ocr_line' id='line_1_4' title="bbox 402 1125 1750 1214; baseline 0.002 -24"><span class='ocrx_word' id='word_1_25' title='bbox 402 1129 495 1213; x_wconf 84' lang='lat' dir='ltr'><strong>pium</strong></span> <span class='ocrx_word' id='word_1_26' title='bbox 520 1133 785 1213; x_wconf 85' lang='lat' dir='ltr'><strong>transponeretur</strong></span> <span class='ocrx_word' id='word_1_27' title='bbox 793 1130 829 1210; x_wconf 88' lang='lat'><strong>¹).</strong></span> <span class='ocrx_word' id='word_1_28' title='bbox 866 1149 905 1194; x_wconf 87' lang='lat' dir='ltr'><strong>ac</strong></span> <span class='ocrx_word' id='word_1_29' title='bbox 932 1128 1076 1214; x_wconf 87' lang='lat' dir='ltr'><strong>potuisse</strong></span> <span class='ocrx_word' id='word_1_30' title='bbox 1102 1127 1312 1194; x_wconf 80' lang='lat' dir='ltr'>librariorum</span> <span class='ocrx_word' id='word_1_31' title='bbox 1339 1149 1450 1195; x_wconf 91' lang='lat' dir='ltr'><strong>errore</strong></span> <span class='ocrx_word' id='word_1_32' title='bbox 1474 1127 1639 1193; x_wconf 72' lang='lat' dir='ltr'><strong>Histriam</strong></span> <span class='ocrx_word' id='word_1_33' title='bbox 1665 1125 1750 1193; x_wconf 83' lang='lat' dir='ltr'><strong>falso</strong></span> 
     </span>
     <span class='ocr_line' id='line_1_5' title="bbox 406 1232 1750 1320; baseline -0.001 -21"><span class='ocrx_word' id='word_1_34' title='bbox 406 1234 478 1301; x_wconf 88' lang='lat' dir='ltr'><strong>loeo</strong></span> <span class='ocrx_word' id='word_1_35' title='bbox 501 1236 693 1320; x_wconf 88' lang='lat' dir='ltr'><strong>enumerari,</strong></span> <span class='ocrx_word' id='word_1_36' title='bbox 716 1236 849 1303; x_wconf 88' lang='lat' dir='ltr'><strong>insanus</strong></span> <span class='ocrx_word' id='word_1_37' title='bbox 871 1256 973 1301; x_wconf 87' lang='lat' dir='ltr'><strong>essem</strong></span> <span class='ocrx_word' id='word_1_38' title='bbox 996 1235 1024 1300; x_wconf 88' lang='lat' dir='ltr'><strong>ei</strong></span> <span class='ocrx_word' id='word_1_39' title='bbox 1046 1256 1212 1319; x_wconf 75' lang='lat' dir='ltr'><strong>negarem.</strong></span> <span class='ocrx_word' id='word_1_40' title='bbox 1249 1256 1362 1301; x_wconf 83' lang='lat' dir='ltr'><strong>rerum</strong></span> <span class='ocrx_word' id='word_1_41' title='bbox 1384 1254 1449 1299; x_wconf 93' lang='lat' dir='ltr'><strong>non</strong></span> <span class='ocrx_word' id='word_1_42' title='bbox 1470 1234 1565 1299; x_wconf 89' lang='lat' dir='ltr'><strong>isest</strong></span> <span class='ocrx_word' id='word_1_43' title='bbox 1578 1232 1668 1299; x_wconf 89' lang='lat' dir='ltr'><strong>locus</strong></span> <span class='ocrx_word' id='word_1_44' title='bbox 1683 1252 1750 1315; x_wconf 91' lang='lat' dir='ltr'><strong>quo</strong></span> 
     </span>
     <span class='ocr_line' id='line_1_6' title="bbox 405 1338 1750 1424; baseline -0.001 -19"><span class='ocrx_word' id='word_1_45' title='bbox 405 1338 503 1405; x_wconf 88' lang='lat' dir='ltr'><strong>facile</strong></span> <span class='ocrx_word' id='word_1_46' title='bbox 516 1339 600 1406; x_wconf 90' lang='lat' dir='ltr'><strong>baec</strong></span> <span class='ocrx_word' id='word_1_47' title='bbox 614 1340 805 1408; x_wconf 76' lang='lat' dir='ltr'><strong>transiliam.</strong></span> <span class='ocrx_word' id='word_1_48' title='bbox 840 1362 916 1406; x_wconf 86' lang='lat' dir='ltr'><strong>nam</strong></span> <span class='ocrx_word' id='word_1_49' title='bbox 931 1342 959 1406; x_wconf 91' lang='lat' dir='ltr'><strong>si</strong></span> <span class='ocrx_word' id='word_1_50' title='bbox 974 1339 1123 1409; x_wconf 90' lang='lat' dir='ltr'><strong>codicum</strong></span> <span class='ocrx_word' id='word_1_51' title='bbox 1138 1340 1309 1406; x_wconf 88' lang='lat' dir='ltr'><strong>lectionem</strong></span> <span class='ocrx_word' id='word_1_52' title='bbox 1324 1340 1511 1424; x_wconf 87' lang='lat' dir='ltr'><strong>accipimus,</strong></span> <span class='ocrx_word' id='word_1_53' title='bbox 1528 1338 1659 1405; x_wconf 88' lang='lat' dir='ltr'><strong>Histria</strong></span> <span class='ocrx_word' id='word_1_54' title='bbox 1673 1359 1750 1403; x_wconf 90' lang='lat' dir='ltr'><strong>cum</strong></span> 
     </span>
     <span class='ocr_line' id='line_1_7' title="bbox 407 1443 1748 1530; baseline -0.002 -18"><span class='ocrx_word' id='word_1_55' title='bbox 407 1445 568 1512; x_wconf 79' lang='lat' dir='ltr'><strong>Liburnia</strong></span> <span class='ocrx_word' id='word_1_56' title='bbox 591 1446 827 1529; x_wconf 81' lang='lat' dir='ltr'><strong>Delmatisque</strong></span> <span class='ocrx_word' id='word_1_57' title='bbox 849 1446 1022 1511; x_wconf 87' lang='lat' dir='ltr'><strong>coniuncta</strong></span> <span class='ocrx_word' id='word_1_58' title='bbox 1043 1445 1086 1511; x_wconf 87' lang='lat' dir='ltr'><strong>ad</strong></span> <span class='ocrx_word' id='word_1_59' title='bbox 1111 1444 1280 1530; x_wconf 82' lang='lat' dir='ltr'><strong>Illyricum</strong></span> <span class='ocrx_word' id='word_1_60' title='bbox 1302 1446 1454 1529; x_wconf 79' lang='lat' dir='ltr'><strong>pertinet.</strong></span> <span class='ocrx_word' id='word_1_61' title='bbox 1499 1465 1566 1528; x_wconf 85' lang='lat' dir='ltr'><strong>qua</strong></span> <span class='ocrx_word' id='word_1_62' title='bbox 1591 1466 1628 1511; x_wconf 92' lang='lat' dir='ltr'><strong>re</strong></span> <span class='ocrx_word' id='word_1_63' title='bbox 1649 1444 1692 1510; x_wconf 92' lang='lat' dir='ltr'><strong>ad</strong></span> <span class='ocrx_word' id='word_1_64' title='bbox 1713 1443 1748 1510; x_wconf 91' lang='lat' dir='ltr'><strong>id</strong></span> 
     </span>
     <span class='ocr_line' id='line_1_8' title="bbox 406 1548 1748 1637; baseline -0.001 -20"><span class='ocrx_word' id='word_1_65' title='bbox 406 1556 536 1637; x_wconf 88' lang='lat' dir='ltr'><strong>tempus</strong></span> <span class='ocrx_word' id='word_1_66' title='bbox 558 1550 736 1632; x_wconf 84' lang='lat' dir='ltr'><strong>referimur,</strong></span> <span class='ocrx_word' id='word_1_67' title='bbox 761 1571 827 1634; x_wconf 92' lang='lat' dir='ltr'><strong>quo</strong></span> <span class='ocrx_word' id='word_1_68' title='bbox 845 1549 977 1617; x_wconf 81' lang='lat' dir='ltr'><strong>Formio</strong></span> <span class='ocrx_word' id='word_1_69' title='bbox 999 1551 1159 1617; x_wconf 65' lang='lat' dir='ltr'><strong>erminus</strong></span> <span class='ocrx_word' id='word_1_70' title='bbox 1180 1548 1244 1616; x_wconf 89' lang='lat' dir='ltr'><strong>fuit</strong></span> <span class='ocrx_word' id='word_1_71' title='bbox 1266 1550 1395 1621; x_wconf 86' lang='lat' dir='ltr'><strong>Italiae.</strong></span> <span class='ocrx_word' id='word_1_72' title='bbox 1441 1550 1531 1634; x_wconf 89' lang='lat' dir='ltr'><strong>quod</strong></span> <span class='ocrx_word' id='word_1_73' title='bbox 1552 1571 1748 1636; x_wconf 90' lang='lat' dir='ltr'><strong>quamquam</strong></span> 
     </span>
     <span class='ocr_line' id='line_1_9' title="bbox 405 1656 1749 1742; baseline -0.001 -19"><span class='ocrx_word' id='word_1_74' title='bbox 405 1656 534 1723; x_wconf 78' lang='lat' dir='ltr'><strong>Plinius</strong></span> <span class='ocrx_word' id='word_1_75' title='bbox 556 1658 739 1742; x_wconf 80' lang='lat' dir='ltr'><strong>Agrippam</strong></span> <span class='ocrx_word' id='word_1_76' title='bbox 762 1663 892 1723; x_wconf 87' lang='lat' dir='ltr'><strong>secutus</strong></span> <span class='ocrx_word' id='word_1_77' title='bbox 915 1678 1055 1742; x_wconf 86' lang='lat' dir='ltr'><strong>suaeque</strong></span> <span class='ocrx_word' id='word_1_78' title='bbox 1077 1658 1196 1723; x_wconf 91' lang='lat' dir='ltr'><strong>aetatis</strong></span> <span class='ocrx_word' id='word_1_79' title='bbox 1218 1663 1342 1724; x_wconf 87' lang='lat' dir='ltr'><strong>statum</strong></span> <span class='ocrx_word' id='word_1_80' title='bbox 1367 1680 1432 1723; x_wconf 93' lang='lat' dir='ltr'><strong>nou</strong></span> <span class='ocrx_word' id='word_1_81' title='bbox 1454 1659 1607 1740; x_wconf 82' lang='lat' dir='ltr'><strong>servarit,</strong></span> <span class='ocrx_word' id='word_1_82' title='bbox 1639 1666 1749 1723; x_wconf 86' lang='lat' dir='ltr'><strong>tamen</strong></span> 
     </span>
     <span class='ocr_line' id='line_1_10' title="bbox 406 1762 1749 1848; baseline -0.001 -20"><span class='ocrx_word' id='word_1_83' title='bbox 406 1763 525 1829; x_wconf 87' lang='lat' dir='ltr'><strong>summi</strong></span> <span class='ocrx_word' id='word_1_84' title='bbox 557 1762 638 1827; x_wconf 88' lang='lat' dir='ltr'><strong>mihi</strong></span> <span class='ocrx_word' id='word_1_85' title='bbox 670 1762 801 1828; x_wconf 84' lang='lat' dir='ltr'><strong>videtur</strong></span> <span class='ocrx_word' id='word_1_86' title='bbox 833 1784 904 1829; x_wconf 88' lang='lat' dir='ltr'><strong>esse</strong></span> <span class='ocrx_word' id='word_1_87' title='bbox 936 1764 1102 1843; x_wconf 90' lang='lat' dir='ltr'><strong>momenti,</strong></span> <span class='ocrx_word' id='word_1_88' title='bbox 1136 1762 1180 1828; x_wconf 90' lang='lat' dir='ltr'><strong>ad</strong></span> <span class='ocrx_word' id='word_1_89' title='bbox 1215 1762 1455 1832; x_wconf 87' lang='lat' dir='ltr'><strong>Varronianam</strong></span> <span class='ocrx_word' id='word_1_90' title='bbox 1494 1764 1749 1848; x_wconf 80' lang='lat' dir='ltr'><strong>discriptionem,</strong></span> 
     </span>
     <span class='ocr_line' id='line_1_11' title="bbox 407 1868 1749 1954; baseline -0.002 -19"><span class='ocrx_word' id='word_1_91' title='bbox 407 1891 507 1954; x_wconf 87' lang='lat' dir='ltr'><strong>quam</strong></span> <span class='ocrx_word' id='word_1_92' title='bbox 529 1870 618 1953; x_wconf 91' lang='lat' dir='ltr'><strong>apud</strong></span> <span class='ocrx_word' id='word_1_93' title='bbox 641 1869 784 1935; x_wconf 90' lang='lat' dir='ltr'><strong>Plinium</strong></span> <span class='ocrx_word' id='word_1_94' title='bbox 812 1868 982 1935; x_wconf 89' lang='lat' dir='ltr'><strong>sublucere</strong></span> <span class='ocrx_word' id='word_1_95' title='bbox 1004 1869 1155 1951; x_wconf 82' lang='lat' dir='ltr'><strong>vidimus,</strong></span> <span class='ocrx_word' id='word_1_96' title='bbox 1190 1870 1311 1953; x_wconf 92' lang='lat' dir='ltr'><strong>optime</strong></span> <span class='ocrx_word' id='word_1_97' title='bbox 1343 1870 1506 1952; x_wconf 77' lang='lat' dir='ltr'><strong>quadrare</strong></span> <span class='ocrx_word' id='word_1_98' title='bbox 1538 1869 1575 1935; x_wconf 91' lang='lat' dir='ltr'><strong>id</strong></span> <span class='ocrx_word' id='word_1_99' title='bbox 1597 1868 1685 1953; x_wconf 90' lang='lat' dir='ltr'><strong>qued</strong></span> <span class='ocrx_word' id='word_1_100' title='bbox 1713 1869 1749 1934; x_wconf 92' lang='lat' dir='ltr'><strong>in</strong></span> 
     </span>
     <span class='ocr_line' id='line_1_12' title="bbox 405 1975 1750 2061; baseline -0.001 -20"><span class='ocrx_word' id='word_1_101' title='bbox 405 1976 497 2043; x_wconf 88' lang='lat' dir='ltr'><strong>libris</strong></span> <span class='ocrx_word' id='word_1_102' title='bbox 520 1977 677 2043; x_wconf 88' lang='lat' dir='ltr'><strong>traditum</strong></span> <span class='ocrx_word' id='word_1_103' title='bbox 700 1982 760 2043; x_wconf 86' lang='lat' dir='ltr'><strong>est.</strong></span> <span class='ocrx_word' id='word_1_104' title='bbox 806 1976 929 2042; x_wconf 87' lang='lat' dir='ltr'><strong>indices</strong></span> <span class='ocrx_word' id='word_1_105' title='bbox 952 1981 1062 2042; x_wconf 89' lang='lat' dir='ltr'><strong>autem</strong></span> <span class='ocrx_word' id='word_1_106' title='bbox 1085 1998 1106 2042; x_wconf 92' lang='lat' dir='ltr'><strong>a</strong></span> <span class='ocrx_word' id='word_1_107' title='bbox 1126 1975 1236 2042; x_wconf 91' lang='lat' dir='ltr'><strong>Plinio</strong></span> <span class='ocrx_word' id='word_1_108' title='bbox 1264 1998 1333 2042; x_wconf 88' lang='lat' dir='ltr'><strong>esse</strong></span> <span class='ocrx_word' id='word_1_109' title='bbox 1363 1978 1568 2061; x_wconf 88' lang='lat' dir='ltr'><strong>compositos,</strong></span> <span class='ocrx_word' id='word_1_110' title='bbox 1601 1982 1641 2043; x_wconf 92' lang='lat' dir='ltr'><strong>ut</strong></span> <span class='ocrx_word' id='word_1_111' title='bbox 1666 1997 1750 2061; x_wconf 86' lang='lat' dir='ltr'><strong>opus</strong></span> 
     </span>
     <span class='ocr_line' id='line_1_13' title="bbox 406 2081 1749 2167; baseline -0.001 -18"><span class='ocrx_word' id='word_1_112' title='bbox 406 2084 499 2167; x_wconf 88' lang='lat' dir='ltr'><strong>quusi</strong></span> <span class='ocrx_word' id='word_1_113' title='bbox 520 2081 741 2162; x_wconf 87' lang='lat' dir='ltr'><strong>adumbraret,</strong></span> <span class='ocrx_word' id='word_1_114' title='bbox 770 2104 829 2149; x_wconf 89' lang='lat' dir='ltr'><strong>nec</strong></span> <span class='ocrx_word' id='word_1_115' title='bbox 850 2090 960 2158; x_wconf 87' lang='lat' dir='ltr'><strong>tamen</strong></span> <span class='ocrx_word' id='word_1_116' title='bbox 983 2084 1132 2150; x_wconf 92' lang='lat' dir='ltr'><strong>ultimam</strong></span> <span class='ocrx_word' id='word_1_117' title='bbox 1163 2084 1275 2149; x_wconf 89' lang='lat' dir='ltr'><strong>limam</strong></span> <span class='ocrx_word' id='word_1_118' title='bbox 1303 2089 1454 2167; x_wconf 85' lang='lat' dir='ltr'><strong>expertos</strong></span> <span class='ocrx_word' id='word_1_119' title='bbox 1485 2104 1555 2149; x_wconf 81' lang='lat' dir='ltr'><strong>esse</strong></span> <span class='ocrx_word' id='word_1_120' title='bbox 1586 2084 1749 2149; x_wconf 81' lang='lat' dir='ltr'><strong>consentit</strong></span> 
     </span>
     <span class='ocr_line' id='line_1_14' title="bbox 407 2188 1748 2275; baseline -0.003 -20"><span class='ocrx_word' id='word_1_121' title='bbox 407 2188 615 2255; x_wconf 84' lang='lat' dir='ltr'><strong>Detleisenus</strong></span> <span class='ocrx_word' id='word_1_122' title='bbox 624 2188 660 2272; x_wconf 77' lang='lat'><strong>¹).</strong></span> <span class='ocrx_word' id='word_1_123' title='bbox 705 2190 739 2255; x_wconf 92' lang='lat' dir='ltr'><strong>id</strong></span> <span class='ocrx_word' id='word_1_124' title='bbox 761 2190 850 2274; x_wconf 89' lang='lat' dir='ltr'><strong>quod</strong></span> <span class='ocrx_word' id='word_1_125' title='bbox 872 2190 924 2256; x_wconf 87' lang='lat' dir='ltr'><strong>vel</strong></span> <span class='ocrx_word' id='word_1_126' title='bbox 947 2210 985 2255; x_wconf 93' lang='lat' dir='ltr'><strong>eo</strong></span> <span class='ocrx_word' id='word_1_127' title='bbox 1007 2190 1168 2275; x_wconf 88' lang='lat' dir='ltr'><strong>probatur</strong></span> <span class='ocrx_word' id='word_1_128' title='bbox 1197 2190 1285 2275; x_wconf 88' lang='lat' dir='ltr'><strong>quod</strong></span> <span class='ocrx_word' id='word_1_129' title='bbox 1315 2191 1457 2256; x_wconf 88' lang='lat' dir='ltr'><strong>rationes</strong></span> <span class='ocrx_word' id='word_1_130' title='bbox 1484 2191 1517 2255; x_wconf 89' lang='lat' dir='ltr'><strong>in</strong></span> <span class='ocrx_word' id='word_1_131' title='bbox 1548 2188 1667 2255; x_wconf 88' lang='lat' dir='ltr'><strong>finibus</strong></span> <span class='ocrx_word' id='word_1_132' title='bbox 1696 2189 1748 2253; x_wconf 90' lang='lat' dir='ltr'><strong>iu·</strong></span> 
     </span>
     <span class='ocr_line' id='line_1_15' title="bbox 406 2296 1653 2381; baseline -0.002 -19"><span class='ocrx_word' id='word_1_133' title='bbox 406 2296 515 2362; x_wconf 91' lang='lat' dir='ltr'><strong>dicum</strong></span> <span class='ocrx_word' id='word_1_134' title='bbox 537 2316 634 2381; x_wconf 88' lang='lat' dir='ltr'><strong>saepe</strong></span> <span class='ocrx_word' id='word_1_135' title='bbox 657 2318 721 2363; x_wconf 93' lang='lat' dir='ltr'><strong>non</strong></span> <span class='ocrx_word' id='word_1_136' title='bbox 744 2297 862 2363; x_wconf 88' lang='lat' dir='ltr'><strong>ductae</strong></span> <span class='ocrx_word' id='word_1_137' title='bbox 885 2301 970 2365; x_wconf 85' lang='lat' dir='ltr'><strong>sunt.</strong></span> <span class='ocrx_word' id='word_1_138' title='bbox 1649 2319 1653 2324; x_wconf 72' lang='grc'><strong>’</strong></span> 
     </span>
    </p>

    <p class='ocr_par' dir='ltr' id='par_1_3' title="bbox 405 2400 1767 3536">
     <span class='ocr_line' id='line_1_16' title="bbox 514 2400 1747 2488; baseline -0.001 -21"><span class='ocrx_word' id='word_1_139' title='bbox 514 2400 666 2467; x_wconf 88' lang='lat' dir='ltr'><strong>similiter</strong></span> <span class='ocrx_word' id='word_1_140' title='bbox 687 2400 784 2467; x_wconf 85' lang='lat' dir='ltr'><strong>index</strong></span> <span class='ocrx_word' id='word_1_141' title='bbox 799 2402 841 2468; x_wconf 88' lang='lat' dir='ltr'><strong>ab</strong></span> <span class='ocrx_word' id='word_1_142' title='bbox 864 2403 936 2486; x_wconf 89' lang='lat' dir='ltr'><strong>ipso</strong></span> <span class='ocrx_word' id='word_1_143' title='bbox 958 2402 1043 2469; x_wconf 89' lang='lat' dir='ltr'><strong>libro</strong></span> <span class='ocrx_word' id='word_1_144' title='bbox 1065 2402 1167 2469; x_wconf 84' lang='lat' dir='ltr'><strong>distat</strong></span> <span class='ocrx_word' id='word_1_145' title='bbox 1183 2402 1237 2471; x_wconf 90' lang='lat' dir='ltr'><strong>IV</strong></span> <span class='ocrx_word' id='word_1_146' title='bbox 1250 2406 1294 2474; x_wconf 89' lang='lat'><strong>30</strong></span> <span class='ocrx_word' id='word_1_147' title='bbox 1308 2425 1342 2488; x_wconf 83' lang='lat' dir='ltr'><strong>p.</strong></span> <span class='ocrx_word' id='word_1_148' title='bbox 1357 2406 1447 2486; x_wconf 81' lang='lat'><strong>23‚7</strong></span> <span class='ocrx_word' id='word_1_149' title='bbox 1463 2401 1555 2468; x_wconf 87' lang='lat' dir='ltr'><strong>Detl.</strong></span> <span class='ocrx_word' id='word_1_150' title='bbox 1577 2401 1635 2467; x_wconf 88' lang='lat' dir='ltr'><strong>ubi</strong></span> <span class='ocrx_word' id='word_1_151' title='bbox 1649 2400 1747 2467; x_wconf 84' lang='lat' dir='ltr'><strong>haec:</strong></span> 
     </span>
     <span class='ocr_line' id='line_1_17' title="bbox 412 2504 1750 2579; baseline 0.001 -7"><span class='ocrx_word' id='word_1_152' title='bbox 412 2509 582 2573; x_wconf 79' lang='lat' dir='ltr'><strong>insularum</strong></span> <span class='ocrx_word' id='word_1_153' title='bbox 604 2510 637 2571; x_wconf 79' lang='lat' dir='ltr'><strong>ic</strong></span> <span class='ocrx_word' id='word_1_154' title='bbox 663 2504 784 2573; x_wconf 78' lang='lat' dir='ltr'><strong>Gallico</strong></span> <span class='ocrx_word' id='word_1_155' title='bbox 807 2531 912 2572; x_wconf 81' lang='lat' dir='ltr'><strong>oceano</strong></span> <span class='ocrx_word' id='word_1_156' title='bbox 935 2506 1056 2573; x_wconf 83' lang='lat' dir='ltr'><strong><em>XCVI</em></strong></span> <span class='ocrx_word' id='word_1_157' title='bbox 1057 2534 1069 2571; x_wconf 87' lang='grc'><strong>.-</strong></span> <span class='ocrx_word' id='word_1_158' title='bbox 1091 2513 1135 2579; x_wconf 83' lang='grc'><strong>94</strong></span> <span class='ocrx_word' id='word_1_159' title='bbox 1156 2511 1192 2575; x_wconf 92' lang='lat' dir='ltr'><strong>in</strong></span> <span class='ocrx_word' id='word_1_160' title='bbox 1218 2516 1314 2576; x_wconf 87' lang='lat' dir='ltr'><strong>textu</strong></span> <span class='ocrx_word' id='word_1_161' title='bbox 1339 2510 1522 2576; x_wconf 86' lang='lat' dir='ltr'><strong>numeravit</strong></span> <span class='ocrx_word' id='word_1_162' title='bbox 1539 2507 1750 2575; x_wconf 81' lang='lat' dir='ltr'><strong>Detleiseuus</strong></span> 
     </span>
     <span class='ocr_line' id='line_1_18' title="bbox 406 2614 1749 2701; baseline 0 -20"><span class='ocrx_word' id='word_1_163' title='bbox 406 2615 429 2681; x_wconf 91' lang='lat' dir='ltr'><strong>l.</strong></span> <span class='ocrx_word' id='word_1_164' title='bbox 444 2615 466 2683; x_wconf 93' lang='lat' dir='ltr'><strong>l.</strong></span> <span class='ocrx_word' id='word_1_165' title='bbox 490 2614 576 2681; x_wconf 87' lang='lat' dir='ltr'><strong>unde</strong></span> <span class='ocrx_word' id='word_1_166' title='bbox 595 2614 741 2681; x_wconf 89' lang='lat' dir='ltr'><strong>dubitari</strong></span> <span class='ocrx_word' id='word_1_167' title='bbox 755 2636 821 2681; x_wconf 90' lang='lat' dir='ltr'><strong>nou</strong></span> <span class='ocrx_word' id='word_1_168' title='bbox 835 2621 953 2700; x_wconf 86' lang='lat' dir='ltr'><strong>potest,</strong></span> <span class='ocrx_word' id='word_1_169' title='bbox 970 2638 1128 2701; x_wconf 88' lang='lat' dir='ltr'><strong>quaenam</strong></span> <span class='ocrx_word' id='word_1_170' title='bbox 1143 2616 1269 2682; x_wconf 88' lang='lat' dir='ltr'><strong>Plinius</strong></span> <span class='ocrx_word' id='word_1_171' title='bbox 1284 2617 1514 2683; x_wconf 85' lang='lat' dir='ltr'><strong>numeraverit.</strong></span> <span class='ocrx_word' id='word_1_172' title='bbox 1549 2616 1591 2681; x_wconf 93' lang='lat' dir='ltr'><strong>de</strong></span> <span class='ocrx_word' id='word_1_173' title='bbox 1612 2615 1749 2701; x_wconf 82' lang='lat' dir='ltr'><strong>parvula</strong></span> 
     </span>
     <span class='ocr_line' id='line_1_19' title="bbox 405 2720 1767 2805; baseline -0.001 -16"><span class='ocrx_word' id='word_1_174' title='bbox 405 2722 493 2789; x_wconf 88' lang='lat' dir='ltr'><strong>euim</strong></span> <span class='ocrx_word' id='word_1_175' title='bbox 514 2720 698 2787; x_wconf 86' lang='lat' dir='ltr'><strong>differentia</strong></span> <span class='ocrx_word' id='word_1_176' title='bbox 724 2742 933 2787; x_wconf 90' lang='lat' dir='ltr'><strong>numerorum</strong></span> <span class='ocrx_word' id='word_1_177' title='bbox 954 2743 1019 2788; x_wconf 92' lang='lat' dir='ltr'><strong>non</strong></span> <span class='ocrx_word' id='word_1_178' title='bbox 1046 2720 1188 2805; x_wconf 83' lang='lat' dir='ltr'><strong>ambige.</strong></span> <span class='ocrx_word' id='word_1_179' title='bbox 1233 2727 1270 2786; x_wconf 93' lang='lat' dir='ltr'><strong>at</strong></span> <span class='ocrx_word' id='word_1_180' title='bbox 1300 2722 1336 2786; x_wconf 90' lang='lat' dir='ltr'><strong>in</strong></span> <span class='ocrx_word' id='word_1_181' title='bbox 1360 2720 1490 2788; x_wconf 85' lang='lat' dir='ltr'><strong>Gallico</strong></span> <span class='ocrx_word' id='word_1_182' title='bbox 1521 2742 1641 2788; x_wconf 89' lang='lat' dir='ltr'><strong>oceano</strong></span> <span class='ocrx_word' id='word_1_183' title='bbox 1671 2721 1767 2787; x_wconf 80' lang='lat' dir='ltr'><strong>illae·</strong></span> 
     </span>
     <span class='ocr_line' id='line_1_20' title="bbox 406 2826 1748 2912; baseline 0.001 -18"><span class='ocrx_word' id='word_1_184' title='bbox 406 2828 532 2895; x_wconf 87' lang='lat' dir='ltr'><strong>insulae</strong></span> <span class='ocrx_word' id='word_1_185' title='bbox 555 2828 730 2894; x_wconf 89' lang='lat' dir='ltr'><strong>seeundum</strong></span> <span class='ocrx_word' id='word_1_186' title='bbox 753 2829 855 2912; x_wconf 89' lang='lat' dir='ltr'><strong>ipsius</strong></span> <span class='ocrx_word' id='word_1_187' title='bbox 869 2827 946 2894; x_wconf 88' lang='lat' dir='ltr'><strong>libri</strong></span> <span class='ocrx_word' id='word_1_188' title='bbox 968 2834 1156 2895; x_wconf 86' lang='lat' dir='ltr'><strong>contextum</strong></span> <span class='ocrx_word' id='word_1_189' title='bbox 1178 2828 1260 2893; x_wconf 91' lang='lat' dir='ltr'><strong>sitae</strong></span> <span class='ocrx_word' id='word_1_190' title='bbox 1281 2848 1346 2893; x_wconf 92' lang='lat' dir='ltr'><strong>non</strong></span> <span class='ocrx_word' id='word_1_191' title='bbox 1368 2834 1454 2908; x_wconf 89' lang='lat' dir='ltr'><strong>sunt,</strong></span> <span class='ocrx_word' id='word_1_192' title='bbox 1479 2850 1592 2896; x_wconf 82' lang='lat' dir='ltr'><strong>verum</strong></span> <span class='ocrx_word' id='word_1_193' title='bbox 1614 2830 1648 2894; x_wconf 93' lang='lat' dir='ltr'><strong>in</strong></span> <span class='ocrx_word' id='word_1_194' title='bbox 1663 2826 1748 2895; x_wconf 82' lang='lat' dir='ltr'><strong>Ger·</strong></span> 
     </span>
     <span class='ocr_line' id='line_1_21' title="bbox 406 2934 1746 3021; baseline 0 -20"><span class='ocrx_word' id='word_1_195' title='bbox 406 2937 533 3002; x_wconf 91' lang='lat' dir='ltr'><strong>manico</strong></span> <span class='ocrx_word' id='word_1_196' title='bbox 565 2936 658 3003; x_wconf 86' lang='lat' dir='ltr'><strong>mari.</strong></span> <span class='ocrx_word' id='word_1_197' title='bbox 703 2934 898 3021; x_wconf 77' lang='lat' dir='ltr'><strong>significatio</strong></span> <span class='ocrx_word' id='word_1_198' title='bbox 928 2941 1037 3002; x_wconf 90' lang='lat' dir='ltr'><strong>autem</strong></span> <span class='ocrx_word' id='word_1_199' title='bbox 1066 2935 1125 3001; x_wconf 87' lang='lat' dir='ltr'><strong>illa</strong></span> <span class='ocrx_word' id='word_1_200' title='bbox 1147 2935 1350 3000; x_wconf 89' lang='lat' dir='ltr'><strong>Varroniaua</strong></span> <span class='ocrx_word' id='word_1_201' title='bbox 1382 2943 1442 3015; x_wconf 87' lang='lat' dir='ltr'><strong>est,</strong></span> <span class='ocrx_word' id='word_1_202' title='bbox 1478 2943 1517 3001; x_wconf 91' lang='lat' dir='ltr'><strong>ut</strong></span> <span class='ocrx_word' id='word_1_203' title='bbox 1538 2935 1675 3015; x_wconf 85' lang='lat' dir='ltr'><strong>videtur,</strong></span> <span class='ocrx_word' id='word_1_204' title='bbox 1704 2934 1746 3001; x_wconf 86' lang='lat' dir='ltr'><strong>cf.</strong></span> 
     </span>
     <span class='ocr_line' id='line_1_22' title="bbox 405 3042 1745 3130; baseline -0.002 -17"><span class='ocrx_word' id='word_1_205' title='bbox 405 3048 517 3126; x_wconf 85' lang='lat'><strong>4,114</strong></span> <span class='ocrx_word' id='word_1_206' title='bbox 541 3065 638 3127; x_wconf 90' lang='lat' dir='ltr'><strong>quem</strong></span> <span class='ocrx_word' id='word_1_207' title='bbox 667 3043 774 3109; x_wconf 93' lang='lat' dir='ltr'><strong>locum</strong></span> <span class='ocrx_word' id='word_1_208' title='bbox 796 3044 839 3110; x_wconf 88' lang='lat' dir='ltr'><strong>ad</strong></span> <span class='ocrx_word' id='word_1_209' title='bbox 862 3043 1046 3113; x_wconf 88' lang='lat' dir='ltr'><strong>Varronem</strong></span> <span class='ocrx_word' id='word_1_210' title='bbox 1076 3049 1251 3130; x_wconf 87' lang='lat' dir='ltr'><strong>propterea</strong></span> <span class='ocrx_word' id='word_1_211' title='bbox 1280 3042 1488 3110; x_wconf 87' lang='lat' dir='ltr'><strong>referendum</strong></span> <span class='ocrx_word' id='word_1_212' title='bbox 1522 3065 1591 3110; x_wconf 87' lang='lat' dir='ltr'><strong>esse</strong></span> <span class='ocrx_word' id='word_1_213' title='bbox 1623 3065 1745 3124; x_wconf 88' lang='lat' dir='ltr'><strong>censeo,</strong></span> 
     </span>
     <span class='ocr_line' id='line_1_23' title="bbox 407 3149 1747 3235; baseline 0.002 -21"><span class='ocrx_word' id='word_1_214' title='bbox 407 3150 496 3233; x_wconf 92' lang='lat' dir='ltr'><strong>quod</strong></span> <span class='ocrx_word' id='word_1_215' title='bbox 533 3149 677 3215; x_wconf 85' lang='lat' dir='ltr'><strong>eiusdem</strong></span> <span class='ocrx_word' id='word_1_216' title='bbox 711 3151 853 3216; x_wconf 85' lang='lat' dir='ltr'><strong>auctoris</strong></span> <span class='ocrx_word' id='word_1_217' title='bbox 890 3151 1028 3235; x_wconf 80' lang='lat' dir='ltr'><strong>vestigia</strong></span> <span class='ocrx_word' id='word_1_218' title='bbox 1056 3151 1093 3215; x_wconf 91' lang='lat' dir='ltr'><strong>in</strong></span> <span class='ocrx_word' id='word_1_219' title='bbox 1130 3149 1341 3234; x_wconf 90' lang='lat' dir='ltr'><strong>sequentibus</strong></span> <span class='ocrx_word' id='word_1_220' title='bbox 1377 3150 1467 3216; x_wconf 87' lang='lat' dir='ltr'><strong>baud</strong></span> <span class='ocrx_word' id='word_1_221' title='bbox 1504 3173 1582 3217; x_wconf 88' lang='lat' dir='ltr'><strong>rara</strong></span> <span class='ocrx_word' id='word_1_222' title='bbox 1619 3151 1747 3217; x_wconf 77' lang='lat' dir='ltr'><strong>obuiam</strong></span> 
     </span>
     <span class='ocr_line' id='line_1_24' title="bbox 405 3254 1757 3344; baseline 0.005 -24"><span class='ocrx_word' id='word_1_223' title='bbox 405 3261 492 3321; x_wconf 88' lang='lat' dir='ltr'><strong>sunt.</strong></span> <span class='ocrx_word' id='word_1_224' title='bbox 540 3262 628 3322; x_wconf 86' lang='lat' dir='ltr'><strong>certe</strong></span> <span class='ocrx_word' id='word_1_225' title='bbox 658 3254 749 3323; x_wconf 84' lang='lat' dir='ltr'><strong>frons</strong></span> <span class='ocrx_word' id='word_1_226' title='bbox 779 3257 959 3342; x_wconf 90' lang='lat' dir='ltr'><strong>Hispaniae</strong></span> <span class='ocrx_word' id='word_1_227' title='bbox 992 3258 1108 3341; x_wconf 90' lang='lat' dir='ltr'><strong>utique</strong></span> <span class='ocrx_word' id='word_1_228' title='bbox 1138 3256 1298 3326; x_wconf 88' lang='lat' dir='ltr'><strong>Varronis</strong></span> <span class='ocrx_word' id='word_1_229' title='bbox 1332 3265 1391 3326; x_wconf 88' lang='lat' dir='ltr'><strong>est.</strong></span> <span class='ocrx_word' id='word_1_230' title='bbox 1438 3258 1538 3325; x_wconf 82' lang='lat' dir='ltr'><strong>iudex</strong></span> <span class='ocrx_word' id='word_1_231' title='bbox 1571 3260 1671 3344; x_wconf 86' lang='lat' dir='ltr'><strong>igitur</strong></span> <span class='ocrx_word' id='word_1_232' title='bbox 1703 3259 1757 3328; x_wconf 85' lang='lat' dir='ltr'><strong>ad.</strong></span> 
     </span>
     <span class='ocr_line' id='line_1_25' title="bbox 407 3361 1747 3448; baseline 0.001 -17"><span class='ocrx_word' id='word_1_233' title='bbox 407 3361 566 3431; x_wconf 85' lang='lat' dir='ltr'><strong>Varronis</strong></span> <span class='ocrx_word' id='word_1_234' title='bbox 586 3382 667 3445; x_wconf 89' lang='lat' dir='ltr'><strong>opus</strong></span> <span class='ocrx_word' id='word_1_235' title='bbox 690 3383 726 3427; x_wconf 90' lang='lat' dir='ltr'><strong>se</strong></span> <span class='ocrx_word' id='word_1_236' title='bbox 739 3363 893 3448; x_wconf 87' lang='lat' dir='ltr'><strong>adplicat,</strong></span> <span class='ocrx_word' id='word_1_237' title='bbox 918 3363 1006 3448; x_wconf 94' lang='lat' dir='ltr'><strong>quod</strong></span> <span class='ocrx_word' id='word_1_238' title='bbox 1029 3365 1063 3429; x_wconf 91' lang='lat' dir='ltr'><strong>in</strong></span> <span class='ocrx_word' id='word_1_239' title='bbox 1086 3364 1158 3447; x_wconf 90' lang='lat' dir='ltr'><strong>ipso</strong></span> <span class='ocrx_word' id='word_1_240' title='bbox 1173 3363 1257 3430; x_wconf 90' lang='lat' dir='ltr'><strong>libro</strong></span> <span class='ocrx_word' id='word_1_241' title='bbox 1272 3363 1468 3431; x_wconf 90' lang='lat' dir='ltr'><strong>destitutum</strong></span> <span class='ocrx_word' id='word_1_242' title='bbox 1483 3370 1552 3446; x_wconf 81' lang='lat' dir='ltr'><strong>est3</strong></span> <span class='ocrx_word' id='word_1_243' title='bbox 1574 3388 1650 3432; x_wconf 89' lang='lat' dir='ltr'><strong>nam</strong></span> <span class='ocrx_word' id='word_1_244' title='bbox 1665 3363 1747 3432; x_wconf 81' lang='lat' dir='ltr'><strong>Ger-</strong></span> 
     </span>
     <span class='ocr_line' id='line_1_26' title="bbox 409 3466 1737 3536; baseline 0.005 -5"><span class='ocrx_word' id='word_1_245' title='bbox 409 3466 571 3532; x_wconf 90' lang='lat' dir='ltr'><strong>manicum</strong></span> <span class='ocrx_word' id='word_1_246' title='bbox 593 3488 682 3534; x_wconf 88' lang='lat' dir='ltr'><strong>mare</strong></span> <span class='ocrx_word' id='word_1_247' title='bbox 704 3470 891 3536; x_wconf 86' lang='lat' dir='ltr'><strong>recentioris</strong></span> <span class='ocrx_word' id='word_1_248' title='bbox 913 3471 1055 3536; x_wconf 82' lang='lat' dir='ltr'><strong>auctoris</strong></span> <span class='ocrx_word' id='word_1_249' title='bbox 1078 3476 1137 3536; x_wconf 92' lang='lat' dir='ltr'><strong>est.</strong></span> <span class='ocrx_word' id='word_1_250' title='bbox 1734 3493 1737 3501; x_wconf 90' lang='lat'>·</span> 
     </span>
    </p>

    <p class='ocr_par' dir='ltr' id='par_1_4' title="bbox 405 3572 1749 4506">
     <span class='ocr_line' id='line_1_27' title="bbox 515 3572 1747 3662; baseline 0.002 -24"><span class='ocrx_word' id='word_1_251' title='bbox 515 3572 574 3640; x_wconf 89' lang='lat' dir='ltr'><strong>sed</strong></span> <span class='ocrx_word' id='word_1_252' title='bbox 595 3574 785 3660; x_wconf 89' lang='lat' dir='ltr'><strong>priusquam</strong></span> <span class='ocrx_word' id='word_1_253' title='bbox 808 3575 851 3641; x_wconf 88' lang='lat' dir='ltr'><strong>ad</strong></span> <span class='ocrx_word' id='word_1_254' title='bbox 866 3576 1034 3662; x_wconf 84' lang='lat' dir='ltr'><strong>Europam</strong></span> <span class='ocrx_word' id='word_1_255' title='bbox 1056 3576 1341 3662; x_wconf 86' lang='lat' dir='ltr'><strong>septentrionalem</strong></span> <span class='ocrx_word' id='word_1_256' title='bbox 1363 3597 1545 3660; x_wconf 81' lang='lat' dir='ltr'><strong>evagemur,</strong></span> <span class='ocrx_word' id='word_1_257' title='bbox 1568 3598 1646 3643; x_wconf 91' lang='lat' dir='ltr'><strong>num</strong></span> <span class='ocrx_word' id='word_1_258' title='bbox 1667 3577 1747 3661; x_wconf 91' lang='lat' dir='ltr'><strong>quid</strong></span> 
     </span>
     <span class='ocr_line' id='line_1_28' title="bbox 409 3679 1749 3766; baseline 0.001 -20"><span class='ocrx_word' id='word_1_259' title='bbox 409 3701 449 3746; x_wconf 89' lang='lat' dir='ltr'><strong>ex</strong></span> <span class='ocrx_word' id='word_1_260' title='bbox 482 3679 555 3746; x_wconf 90' lang='lat' dir='ltr'><strong>aliis</strong></span> <span class='ocrx_word' id='word_1_261' title='bbox 589 3681 775 3747; x_wconf 86' lang='lat' dir='ltr'><strong>auctoribus</strong></span> <span class='ocrx_word' id='word_1_262' title='bbox 809 3687 941 3766; x_wconf 85' lang='lat' dir='ltr'><strong>praeter</strong></span> <span class='ocrx_word' id='word_1_263' title='bbox 971 3681 1155 3750; x_wconf 87' lang='lat' dir='ltr'><strong>Varronem</strong></span> <span class='ocrx_word' id='word_1_264' title='bbox 1184 3681 1369 3766; x_wconf 84' lang='lat' dir='ltr'><strong>Agrippam</strong></span> <span class='ocrx_word' id='word_1_265' title='bbox 1400 3681 1589 3764; x_wconf 86' lang='lat' dir='ltr'><strong>Augustum</strong></span> <span class='ocrx_word' id='word_1_266' title='bbox 1618 3682 1749 3749; x_wconf 91' lang='lat' dir='ltr'><strong>Plinius</strong></span> 
     </span>
     <span class='ocr_line' id='line_1_29' title="bbox 405 3785 1748 3871; baseline 0.001 -18"><span class='ocrx_word' id='word_1_267' title='bbox 405 3785 570 3853; x_wconf 87' lang='lat' dir='ltr'><strong>addidisse</strong></span> <span class='ocrx_word' id='word_1_268' title='bbox 592 3787 743 3852; x_wconf 85' lang='lat' dir='ltr'><strong>rideatur</strong></span> <span class='ocrx_word' id='word_1_269' title='bbox 765 3787 798 3851; x_wconf 90' lang='lat' dir='ltr'><strong>iu</strong></span> <span class='ocrx_word' id='word_1_270' title='bbox 828 3787 1032 3853; x_wconf 89' lang='lat' dir='ltr'><strong>meridionali</strong></span> <span class='ocrx_word' id='word_1_271' title='bbox 1062 3807 1121 3852; x_wconf 89' lang='lat' dir='ltr'><strong>ora</strong></span> <span class='ocrx_word' id='word_1_272' title='bbox 1152 3785 1377 3867; x_wconf 87' lang='lat' dir='ltr'><strong>describenda,</strong></span> <span class='ocrx_word' id='word_1_273' title='bbox 1400 3807 1595 3871; x_wconf 90' lang='lat' dir='ltr'><strong>quaeramus</strong></span> <span class='ocrx_word' id='word_1_274' title='bbox 1617 3809 1748 3854; x_wconf 87' lang='lat' dir='ltr'><strong>necesse</strong></span> 
     </span>
     <span class='ocr_line' id='line_1_30' title="bbox 407 3890 1749 3977; baseline 0.001 -19"><span class='ocrx_word' id='word_1_275' title='bbox 407 3898 465 3962; x_wconf 88' lang='lat' dir='ltr'><strong>est.</strong></span> <span class='ocrx_word' id='word_1_276' title='bbox 511 3913 588 3958; x_wconf 88' lang='lat' dir='ltr'><strong>nam</strong></span> <span class='ocrx_word' id='word_1_277' title='bbox 603 3913 800 3977; x_wconf 91' lang='lat' dir='ltr'><strong>quamquam</strong></span> <span class='ocrx_word' id='word_1_278' title='bbox 822 3890 880 3957; x_wconf 89' lang='lat' dir='ltr'><strong>bos</strong></span> <span class='ocrx_word' id='word_1_279' title='bbox 903 3899 1052 3960; x_wconf 83' lang='lat' dir='ltr'><strong>auctores</strong></span> <span class='ocrx_word' id='word_1_280' title='bbox 1066 3891 1251 3975; x_wconf 89' lang='lat' dir='ltr'><strong>potissimos</strong></span> <span class='ocrx_word' id='word_1_281' title='bbox 1274 3891 1308 3956; x_wconf 89' lang='lat' dir='ltr'><strong>in</strong></span> <span class='ocrx_word' id='word_1_282' title='bbox 1331 3911 1371 3956; x_wconf 91' lang='lat' dir='ltr'><strong>ea</strong></span> <span class='ocrx_word' id='word_1_283' title='bbox 1391 3899 1488 3975; x_wconf 90' lang='lat' dir='ltr'><strong>parte</strong></span> <span class='ocrx_word' id='word_1_284' title='bbox 1507 3901 1594 3960; x_wconf 90' lang='lat' dir='ltr'><strong>certe</strong></span> <span class='ocrx_word' id='word_1_285' title='bbox 1616 3900 1749 3960; x_wconf 87' lang='lat' dir='ltr'><strong>secutus</strong></span> 
     </span>
     <span class='ocr_line' id='line_1_31' title="bbox 406 3997 1747 4083; baseline 0.001 -19"><span class='ocrx_word' id='word_1_286' title='bbox 406 4004 464 4078; x_wconf 88' lang='lat' dir='ltr'><strong>est,</strong></span> <span class='ocrx_word' id='word_1_287' title='bbox 493 4003 604 4065; x_wconf 89' lang='lat' dir='ltr'><strong>tamen</strong></span> <span class='ocrx_word' id='word_1_288' title='bbox 627 4004 757 4065; x_wconf 85' lang='lat' dir='ltr'><strong>exstant</strong></span> <span class='ocrx_word' id='word_1_289' title='bbox 778 3998 958 4083; x_wconf 89' lang='lat' dir='ltr'><strong>particulae</strong></span> <span class='ocrx_word' id='word_1_290' title='bbox 980 3997 1150 4082; x_wconf 87' lang='lat' dir='ltr'><strong>quaedam,</strong></span> <span class='ocrx_word' id='word_1_291' title='bbox 1184 4018 1269 4081; x_wconf 91' lang='lat' dir='ltr'><strong>quae</strong></span> <span class='ocrx_word' id='word_1_292' title='bbox 1299 3998 1388 4064; x_wconf 89' lang='lat' dir='ltr'><strong>ultra</strong></span> <span class='ocrx_word' id='word_1_293' title='bbox 1416 3999 1549 4066; x_wconf 87' lang='lat' dir='ltr'><strong>illorum</strong></span> <span class='ocrx_word' id='word_1_294' title='bbox 1578 4007 1747 4068; x_wconf 86' lang='lat' dir='ltr'><strong>auctorum</strong></span> 
     </span>
     <span class='ocr_line' id='line_1_32' title="bbox 405 4103 1749 4189; baseline 0.002 -19"><span class='ocrx_word' id='word_1_295' title='bbox 405 4110 546 4171; x_wconf 89' lang='lat' dir='ltr'><strong>aetatem</strong></span> <span class='ocrx_word' id='word_1_296' title='bbox 569 4105 758 4189; x_wconf 90' lang='lat' dir='ltr'><strong>procedunt.</strong></span> <span class='ocrx_word' id='word_1_297' title='bbox 803 4103 860 4170; x_wconf 87' lang='lat' dir='ltr'><strong>sed</strong></span> <span class='ocrx_word' id='word_1_298' title='bbox 883 4105 913 4171; x_wconf 89' lang='lat' dir='ltr'><strong>si</strong></span> <span class='ocrx_word' id='word_1_299' title='bbox 936 4105 1121 4172; x_wconf 87' lang='lat' dir='ltr'><strong>accuratius</strong></span> <span class='ocrx_word' id='word_1_300' title='bbox 1156 4104 1367 4189; x_wconf 90' lang='lat' dir='ltr'><strong>contemplati</strong></span> <span class='ocrx_word' id='word_1_301' title='bbox 1399 4107 1528 4185; x_wconf 90' lang='lat' dir='ltr'><strong>erimus,</strong></span> <span class='ocrx_word' id='word_1_302' title='bbox 1565 4128 1620 4173; x_wconf 90' lang='lat' dir='ltr'><strong>eas</strong></span> <span class='ocrx_word' id='word_1_303' title='bbox 1654 4113 1749 4174; x_wconf 87' lang='lat' dir='ltr'><strong>extra</strong></span> 
     </span>
     <span class='ocr_line' id='line_1_33' title="bbox 405 4211 1747 4295; baseline 0.002 -19"><span class='ocrx_word' id='word_1_304' title='bbox 405 4211 587 4295; x_wconf 79' lang='lat' dir='ltr'><strong>periegesin</strong></span> <span class='ocrx_word' id='word_1_305' title='bbox 610 4211 785 4278; x_wconf 87' lang='lat' dir='ltr'><strong>collocatas</strong></span> <span class='ocrx_word' id='word_1_306' title='bbox 808 4232 879 4278; x_wconf 86' lang='lat' dir='ltr'><strong>esse</strong></span> <span class='ocrx_word' id='word_1_307' title='bbox 906 4211 1055 4280; x_wconf 89' lang='lat' dir='ltr'><strong>elucebit.</strong></span> <span class='ocrx_word' id='word_1_308' title='bbox 1102 4232 1204 4295; x_wconf 89' lang='lat' dir='ltr'><strong>quare</strong></span> <span class='ocrx_word' id='word_1_309' title='bbox 1234 4232 1299 4277; x_wconf 92' lang='lat' dir='ltr'><strong>uon</strong></span> <span class='ocrx_word' id='word_1_310' title='bbox 1328 4214 1425 4278; x_wconf 91' lang='lat' dir='ltr'><strong>modo</strong></span> <span class='ocrx_word' id='word_1_311' title='bbox 1455 4219 1568 4280; x_wconf 88' lang='lat' dir='ltr'><strong>nostra</strong></span> <span class='ocrx_word' id='word_1_312' title='bbox 1598 4214 1638 4280; x_wconf 95' lang='lat' dir='ltr'><strong>de</strong></span> <span class='ocrx_word' id='word_1_313' title='bbox 1660 4213 1747 4282; x_wconf 88' lang='lat' dir='ltr'><strong>Var-</strong></span> 
     </span>
     <span class='ocr_line' id='line_1_34' title="bbox 406 4318 1748 4405; baseline 0.005 -25"><span class='ocrx_word' id='word_1_314' title='bbox 406 4336 485 4382; x_wconf 88' lang='lat' dir='ltr'><strong>rone</strong></span> <span class='ocrx_word' id='word_1_315' title='bbox 508 4323 640 4382; x_wconf 87' lang='lat' dir='ltr'><strong>auctore</strong></span> <span class='ocrx_word' id='word_1_316' title='bbox 662 4318 759 4385; x_wconf 90' lang='lat' dir='ltr'><strong>buius</strong></span> <span class='ocrx_word' id='word_1_317' title='bbox 781 4320 884 4403; x_wconf 88' lang='lat' dir='ltr'><strong>partis</strong></span> <span class='ocrx_word' id='word_1_318' title='bbox 907 4319 1062 4403; x_wconf 87' lang='lat' dir='ltr'><strong>primario</strong></span> <span class='ocrx_word' id='word_1_319' title='bbox 1078 4320 1241 4385; x_wconf 87' lang='lat' dir='ltr'><strong>sententia</strong></span> <span class='ocrx_word' id='word_1_320' title='bbox 1263 4340 1327 4385; x_wconf 91' lang='lat' dir='ltr'><strong>non</strong></span> <span class='ocrx_word' id='word_1_321' title='bbox 1350 4319 1549 4405; x_wconf 80' lang='lat' dir='ltr'><strong>infringitur,</strong></span> <span class='ocrx_word' id='word_1_322' title='bbox 1573 4321 1631 4387; x_wconf 92' lang='lat' dir='ltr'><strong>sed</strong></span> <span class='ocrx_word' id='word_1_323' title='bbox 1653 4341 1748 4405; x_wconf 85' lang='lat' dir='ltr'><strong>egre-</strong></span> 
     </span>
     <span class='ocr_line' id='line_1_35' title="bbox 405 4422 665 4506; baseline 0.008 -20"><span class='ocrx_word' id='word_1_324' title='bbox 405 4422 459 4506; x_wconf 84' lang='lat' dir='ltr'><strong>gie</strong></span> <span class='ocrx_word' id='word_1_325' title='bbox 481 4422 665 4488; x_wconf 86' lang='lat' dir='ltr'><strong>adiuvatur.</strong></span> 
     </span>
    </p>

    <p class='ocr_par' dir='ltr' id='par_1_5' title="bbox 405 4529 1749 4726">
     <span class='ocr_line' id='line_1_36' title="bbox 514 4529 1749 4621; baseline 0.004 -28"><span class='ocrx_word' id='word_1_326' title='bbox 514 4549 554 4594; x_wconf 90' lang='lat' dir='ltr'><strong>ac</strong></span> <span class='ocrx_word' id='word_1_327' title='bbox 574 4531 715 4614; x_wconf 90' lang='lat' dir='ltr'><strong>primum</strong></span> <span class='ocrx_word' id='word_1_328' title='bbox 739 4529 869 4614; x_wconf 90' lang='lat' dir='ltr'><strong>quidem</strong></span> <span class='ocrx_word' id='word_1_329' title='bbox 893 4535 925 4610; x_wconf 84' lang='lat'><strong>3,</strong></span> <span class='ocrx_word' id='word_1_330' title='bbox 942 4534 985 4601; x_wconf 88' lang='grc'><strong>30</strong></span> <span class='ocrx_word' id='word_1_331' title='bbox 1000 4533 1156 4598; x_wconf 70' lang='lat' dir='ltr'><strong>univerae</strong></span> <span class='ocrx_word' id='word_1_332' title='bbox 1171 4531 1342 4620; x_wconf 68' lang='lat' dir='ltr'><strong>Huponiae</strong></span> <span class='ocrx_word' id='word_1_333' title='bbox 1366 4533 1565 4620; x_wconf 74' lang='lat' dir='ltr'><strong>Vespasianus</strong></span> <span class='ocrx_word' id='word_1_334' title='bbox 1584 4536 1749 4621; x_wconf 85' lang='lat' dir='ltr'><strong>imperator</strong></span> 
     </span>
     <span class='ocr_line' id='line_1_37' title="bbox 405 4637 1747 4726; baseline 0.007 -27"><span class='ocrx_word' id='word_1_335' title='bbox 405 4637 561 4721; x_wconf 75' lang='lat' dir='ltr'><strong>Aupuetus</strong></span> <span class='ocrx_word' id='word_1_336' title='bbox 582 4637 760 4722; x_wconf 63' lang='lat' dir='ltr'><strong>iacauffl)</strong></span> <span class='ocrx_word' id='word_1_337' title='bbox 781 4639 917 4724; x_wconf 81' lang='lat' dir='ltr'><strong>pwcellis</strong></span> <span class='ocrx_word' id='word_1_338' title='bbox 939 4639 1142 4726; x_wconf 70' lang='lat' dir='ltr'><strong>reipublicae</strong></span> <span class='ocrx_word' id='word_1_339' title='bbox 1157 4639 1285 4704; x_wconf 84' lang='lat' dir='ltr'><strong>Latium</strong></span> <span class='ocrx_word' id='word_1_340' title='bbox 1308 4641 1420 4707; x_wconf 90' lang='lat' dir='ltr'><strong>tribuit.</strong></span> <span class='ocrx_word' id='word_1_341' title='bbox 1465 4641 1527 4707; x_wconf 83' lang='lat' dir='ltr'><strong>boe</strong></span> <span class='ocrx_word' id='word_1_342' title='bbox 1541 4644 1747 4708; x_wconf 79' lang='lat' dir='ltr'><strong>enuntiatum</strong></span> 
     </span>
    </p>
   </div>
   <div class='ocr_carea' id='block_1_3' title="bbox 514 4812 1747 4976">
    <p class='ocr_par' dir='ltr' id='par_1_6' title="bbox 514 4812 1747 4976">
     <span class='ocr_line' id='line_1_38' title="bbox 515 4812 1697 4885; baseline 0.002 -19"><span class='ocrx_word' id='word_1_343' title='bbox 515 4815 536 4882; x_wconf 90' lang='lat'><strong>¹)</strong></span> <span class='ocrx_word' id='word_1_344' title='bbox 553 4830 640 4882; x_wconf 87' lang='lat' dir='ltr'><strong>nuper</strong></span> <span class='ocrx_word' id='word_1_345' title='bbox 658 4812 837 4868; x_wconf 88' lang='lat' dir='ltr'><strong>Detlefeenue</strong></span> <span class='ocrx_word' id='word_1_346' title='bbox 857 4815 926 4870; x_wconf 82' lang='lat'>1904</span> <span class='ocrx_word' id='word_1_347' title='bbox 945 4815 1054 4869; x_wconf 85' lang='lat' dir='ltr'><strong>codices</strong></span> <span class='ocrx_word' id='word_1_348' title='bbox 1074 4819 1184 4869; x_wconf 89' lang='lat' dir='ltr'><strong>secutus</strong></span> <span class='ocrx_word' id='word_1_349' title='bbox 1202 4820 1252 4885; x_wconf 85' lang='lat' dir='ltr'><strong>eet,</strong></span> <span class='ocrx_word' id='word_1_350' title='bbox 1271 4814 1500 4884; x_wconf 88' lang='lat' dir='ltr'><strong>interpretatione</strong></span> <span class='ocrx_word' id='word_1_351' title='bbox 1518 4830 1574 4868; x_wconf 92' lang='lat' dir='ltr'><strong>non</strong></span> <span class='ocrx_word' id='word_1_352' title='bbox 1593 4812 1697 4868; x_wconf 82' lang='lat' dir='ltr'><strong>addita.</strong></span> 
     </span>
     <span class='ocr_line' id='line_1_39' title="bbox 514 4899 1747 4976; baseline -0.002 -18"><span class='ocrx_word' id='word_1_353' title='bbox 514 4901 536 4972; x_wconf 76' lang='lat'><strong>¹)</strong></span> <span class='ocrx_word' id='word_1_354' title='bbox 559 4901 798 4974; x_wconf 78' lang='lat' dir='ltr'><strong>Uutersucbuupcu</strong></span> <span class='ocrx_word' id='word_1_355' title='bbox 815 4903 882 4958; x_wconf 71' lang='lat' dir='ltr'><strong>siber</strong></span> <span class='ocrx_word' id='word_1_356' title='bbox 900 4901 943 4958; x_wconf 85' lang='lat' dir='ltr'><strong>dic</strong></span> <span class='ocrx_word' id='word_1_357' title='bbox 955 4903 1238 4976; x_wconf 70' lang='lat' dir='ltr'><strong>Zueummeosetaunp</strong></span> <span class='ocrx_word' id='word_1_358' title='bbox 1250 4904 1298 4960; x_wconf 80' lang='lat' dir='ltr'><strong>der</strong></span> <span class='ocrx_word' id='word_1_359' title='bbox 1310 4902 1550 4976; x_wconf 70' lang='lat' dir='ltr'><strong>Nuturpceciicbtc</strong></span> <span class='ocrx_word' id='word_1_360' title='bbox 1567 4902 1613 4958; x_wconf 81' lang='lat' dir='ltr'><strong>dea</strong></span> <span class='ocrx_word' id='word_1_361' title='bbox 1624 4899 1747 4957; x_wconf 78' lang='lat' dir='ltr'><strong>Plinius.</strong></span> 
     </span>
    </p>
   </div>
   <div class='ocr_carea' id='block_1_4' title="bbox 399 4991 746 5152">
    <p class='ocr_par' dir='ltr' id='par_1_7' title="bbox 399 4991 746 5152">
     <span class='ocr_line' id='line_1_40' title="bbox 399 4991 726 5060; baseline -0.006 -12"><span class='ocrx_word' id='word_1_362' title='bbox 399 4991 530 5048; x_wconf 71' lang='lat' dir='ltr'><strong>neroum</strong></span> <span class='ocrx_word' id='word_1_363' title='bbox 549 4992 618 5048; x_wconf 84' lang='lat'>1899</span> <span class='ocrx_word' id='word_1_364' title='bbox 636 5008 663 5060; x_wconf 80' lang='lat' dir='ltr'><strong>p.</strong></span> <span class='ocrx_word' id='word_1_365' title='bbox 683 4993 726 5047; x_wconf 82' lang='lat'><strong>24.</strong></span> 
     </span>
     <span class='ocr_line' id='line_1_41' title="bbox 515 5080 746 5152; baseline -0.004 -17"><span class='ocrx_word' id='word_1_366' title='bbox 515 5080 536 5152; x_wconf 79' lang='lat'><strong>⁸)</strong></span> <span class='ocrx_word' id='word_1_367' title='bbox 557 5097 592 5135; x_wconf 72' lang='lat' dir='ltr'><strong>en</strong></span> <span class='ocrx_word' id='word_1_368' title='bbox 609 5080 746 5136; x_wconf 65' lang='lat' dir='ltr'><strong>muter</strong></span> 
     </span>
    </p>
   </div>
   <div class='ocr_carea' id='block_1_5' title="bbox 0 0 2142 6021">
    <p class='ocr_par' dir='ltr' id='par_1_8' title="bbox 0 0 2142 6021">
     <span class='ocr_line' id='line_1_42' title="bbox 0 0 2142 6021; baseline 0 0"><span class='ocrx_word' id='word_1_369' title='bbox 0 0 2142 6021; x_wconf 95' lang='lat' dir='ltr'><strong> </strong></span> 
     </span>
    </p>
   </div>
  </div>
 </body>
</html>
