4275 6025
1000 708 1062 771 131

363 926 434 987 tota
462 920 678 1004 descriptione
700 917 881 1003 Hispaniae
907 917 1054 1001 perlecta
1086 918 1122 983 in
1155 917 1243 984 calce
1277 916 1425 983 additum
1459 922 1519 988 eat.
1564 918 1701 984 eundem

362 1028 468 1094 locum
492 1032 603 1092 tenent
630 1044 775 1109 eaquae
807 1044 847 1089 ex
869 1022 996 1091 Galbae
1027 1024 1109 1089 actis
1139 1024 1346 1091 inveniuntur
1369 1026 1399 1106 3,
1412 1026 1475 1093 37:
1510 1025 1618 1089 odient
1631 1024 1702 1111 sor·

363 1134 462 1199 meae
488 1134 586 1199 Galba
608 1134 768 1218 imperator
797 1152 833 1195 aa·
859 1131 1012 1218 Inalpinis
1041 1130 1201 1194 Aconticoc
1230 1141 1318 1217 cimae
1344 1130 1542 1211 Bomonicae
1575 1153 1701 1217 qnorum

363 1242 512 1326 oppidum
532 1238 644 1302 Dinia.
1689 1243 1690 1246 ’

470 1344 583 1411 similis
606 1344 732 1429 generis
754 1342 978 1409 additamenta
1000 1348 1148 1408 exstante

471 1454 583 1533 3,141
607 1447 706 1512 Siculi
725 1449 758 1510 in
780 1470 867 1534 quem
890 1447 985 1512 locum
1008 1450 1094 1511 diona
1120 1445 1265 1512 Claudiae
1286 1459 1438 1511 octenonce
1460 1448 1551 1516 miei.

468 1560 502 1635 4,
519 1558 562 1625 22
585 1557 739 1619 universae
760 1554 896 1618 Achaiae
919 1553 1084 1617 libertatem
1104 1552 1262 1618 Domitiae
1284 1552 1368 1617 Nero
1389 1554 1479 1617 dedit.

469 1667 501 1745 4,
518 1666 561 1731 47
585 1663 700 1726 comnia
722 1660 908 1747 Flaviopobb
930 1661 982 1723 nbi
1005 1672 1093 1725 11111
1120 1658 1211 1725 Coele
1233 1662 1378 1746 oppidum
1399 1660 1563 1723 nocebatur
1571 1658 1608 1744 ¹).

470 1769 585 1853 quibus
609 1768 688 1835 locis
702 1766 830 1833 Plinius
853 1772 911 1832 aut
933 1765 976 1831 ad
991 1771 1065 1832 acta
1087 1767 1160 1850 ipsa
1174 1767 1310 1832 accessit
1327 1773 1386 1831 aut
1408 1766 1524 1832 desua
1546 1768 1702 1832 memoria

362 1874 413 1940 vel
435 1873 476 1940 de
502 1874 719 1939 recentiorum
746 1878 916 1938 auctorum
950 1870 1044 1937 libris
1077 1872 1223 1955 priorum
1255 1871 1460 1937 narrationes
1493 1871 1700 1957 supplerit⁸).

362 1986 472 2047 tamen
495 2001 534 2045 ea
557 1981 665 2045 omnia
688 1977 983 2044 additamentorum
1007 1976 1080 2043 loce
1095 1998 1164 2043 csse
1186 1978 1256 2062 ipsc
1270 1998 1388 2061 genere
1410 1978 1541 2044 dicendi
1557 1999 1703 2063 compro·

362 2086 470 2156 batur.
517 2087 635 2153 deinde
657 2085 698 2151 de
720 2088 750 2166 3,
768 2089 811 2155 57
834 2098 899 2151 uon
921 2090 971 2150 est
994 2084 1082 2169 quod
1104 2090 1178 2169 post
1199 2083 1383 2150 Bruanium
1413 2088 1499 2156 1856
1522 2091 1591 2171 pb
1616 2084 1702 2153 0611-

362 2194 545 2261 michenum
569 2196 655 2263 1873
678 2216 710 2278 p.
723 2198 788 2262 411
804 2193 995 2259 Miiuzerum
1015 2194 1103 2263 1897
1126 2214 1158 2276 p.
1175 2195 1296 2276 338sq.
1313 2193 1486 2272 disputem.
1533 2196 1703 2278 sequentia

364 2300 449 2365 enim
479 2298 579 2363 rerba
608 2300 676 2363 dein
706 2298 899 2369 1111111611.
923 2298 1100 2363 cohaerent
1123 2318 1196 2364 cum
1219 2299 1265 2363 eia
1289 2299 1410 2382 quain
1437 2300 1594 2385 periegesi
1619 2303 1648 2384 3,
1658 2303 1701 2370 56

364 2405 404 2471 de
426 2402 556 2471 Cerceis
578 2409 760 2472 narramur.
806 2424 865 2469 nec
898 2405 1016 2469 minus.
1037 2410 1151 2488 aperte
1184 2408 1295 2484 3,114
1326 2406 1398 2490 ipsa
1430 2404 1538 2474 forma
1569 2405 1702 2474 Catonis

363 2512 583 2579 testimonium
605 2512 767 2578 adnexum
789 2532 861 2576 ease
884 2510 999 2581 elucet.

471 2623 503 2701 3,
520 2621 562 2689 65
595 2638 726 2703 quoque
758 2616 884 2683 Plinius
917 2620 1002 2683 cavit
1034 2623 1072 2683 ut
1103 2618 1359 2686 additamentum
1391 2620 1462 2687 fieri
1501 2621 1704 2705 animadver-

364 2730 501 2791 teretur:
528 2746 589 2789 non
612 2724 743 2787 alanum
765 2725 880 2787 videtur
902 2724 1058 2787 incerere
1081 2743 1148 2808 eqs.
1189 2724 1246 2791 sed
1269 2725 1310 2791 de
1332 2732 1402 2792 toto
1424 2728 1495 2793 loco
1519 2728 1701 2793 accuratius

364 2830 597 2917 disputandum
620 2837 677 2897 est.
723 2829 814 2897 urbis
836 2828 961 2895 Romae
984 2831 1181 2896 mentionem
1205 2853 1270 2898 non
1292 2832 1336 2898 ad
1359 2832 1505 2918 Augusti
1528 2834 1702 2900 laterculos

365 2939 529 3025 pertinere
549 2958 647 3023 supra
661 2961 692 3023 p.
710 2939 754 3008 90
777 2938 968 3007 monuimus.
1015 2958 1053 3003 ac
1076 2958 1117 3001 ne
1133 2935 1274 3005 Varroni
1297 2939 1428 3023 quidem
1452 2946 1533 3022 erat,
1558 2939 1646 3025 quod
1668 2940 1708 3005 in

369 3045 487 3112 Italiae
510 3044 725 3128 descriptione
748 3043 789 3109 de
811 3043 917 3110 Roma
944 3052 1065 3130 ageret,
1098 3047 1219 3131 quippe
1249 3068 1346 3130 quam
1376 3054 1474 3114 antea
1503 3048 1701 3114 absolvisset.

367 3175 443 3219 nam
465 3149 773 3233 Reitzensteinius⁸)
796 3150 881 3217 libro
904 3149 998 3220 VIII
1024 3153 1260 3236 antiquitatum
1283 3175 1393 3220 rerum
1425 3152 1640 3220 humanarum
1663 3154 1704 3220 de

364 3258 471 3326 Roma
504 3256 602 3324 verba
635 3255 723 3324 facta
757 3278 826 3322 esse
859 3258 1037 3324 rectissime
1071 3259 1244 3330 contendit.
1291 3259 1378 3327 idem
1406 3261 1498 3326 libris
1522 3260 1580 3326 XI
1608 3266 1641 3327 et
1665 3258 1704 3326 X

365 3365 443 3449 quid
465 3369 675 3431 tractabatum
690 3362 788 3429 fuerit
810 3364 928 3430 nesciri
950 3363 1133 3449 profitetur.
1178 3387 1217 3432 ac
1239 3388 1317 3432 sane
1337 3367 1555 3451 fragmentum
1579 3367 1703 3434 diserto

365 3472 551 3540 testimonio
573 3469 624 3536 his
647 3469 738 3536 libris
761 3470 957 3536 adscribitur
979 3471 1115 3542 nullum.
1146 3479 1255 3538 tamen
1278 3474 1307 3538 si
1330 3476 1487 3540 rationem
1511 3496 1531 3540 a
1555 3473 1704 3540 Varrone

366 3581 402 3645 in
424 3577 622 3664 disponenda
643 3578 781 3643 materia
803 3576 983 3643 adhibitam
1006 3580 1252 3662 respexerimus,
1282 3601 1367 3663 quae
1389 3581 1460 3646 loca
1483 3586 1624 3646 tractare
1647 3600 1701 3664 po·

364 3687 466 3752 tuerit
492 3686 557 3751 illis
579 3684 680 3767 libris,
704 3706 768 3750 non
790 3685 883 3751 video
906 3687 967 3751 nisi
989 3685 1139 3752 Romam.
1185 3708 1261 3752 nam
1293 3693 1384 3752 certa
1416 3687 1543 3752 ratione
1573 3706 1704 3770 progre-

366 3792 455 3858 ditur
476 3790 584 3859 Varro
612 3811 632 3855 a
655 3788 761 3856 Roma
784 3790 908 3878 (Vm)
940 3792 983 3857 ad
1005 3791 1140 3857 Italiam
1163 3790 1262 3878 (XI),
1293 3792 1335 3858 ab
1360 3791 1461 3858 Italia
1491 3792 1532 3858 ad
1564 3800 1704 3858 ceteram

366 3898 533 3982 Europam
556 3895 672 3981 (XII),
696 3895 739 3961 ab
756 3896 889 3980 Europa
910 3896 954 3962 ad
975 3897 1140 3981 reliquum
1161 3896 1272 3962 orbem
1296 3903 1457 3963 terrarum
1477 3896 1617 3982 (XIII).
1652 3898 1704 3962 cui

366 4005 460 4072 seriei
475 4026 516 4071 ne
539 4023 633 4088 posse
649 4003 779 4086 quidem
795 4003 885 4069 alind
899 4004 1062 4088 interponi
1077 4003 1216 4069 videtur.
1262 4005 1374 4088 itaque
1388 4003 1477 4068 haud
1492 4005 1559 4068 scio
1581 4023 1625 4067 an
1638 4023 1704 4068 non

367 4111 410 4177 ab
434 4111 521 4176 omui
543 4108 776 4194 probabilitate
811 4109 985 4176 abhorreat
1019 4109 1128 4193 opinio
1162 4108 1276 4174 similis
1309 4110 1339 4175 ei
1373 4130 1471 4192 quam
1499 4107 1703 4194 Gruppius⁴)

364 4216 513 4303 protulit,
537 4215 593 4283 sed
616 4236 679 4281 non
702 4216 799 4299 plane
822 4216 950 4284 eadem:
966 4215 1092 4282 Romae
1115 4217 1365 4301 descriptionem
1387 4217 1421 4282 in
1436 4215 1704 4300 Antiquitatibus

476 4395 496 4464 ¹)
517 4397 608 4446 utrum
639 4393 740 4462 4,110
770 4391 911 4447 Amanum
938 4395 1049 4462 portica,
1079 4392 1129 4449 nbi
1158 4409 1234 4448 nnnc
1263 4392 1441 4464 Floobbeipa
1471 4392 1578 4448 colonio
1608 4392 1705 4447 eodem

366 4482 503 4553 pertineat
521 4498 616 4552 necne,
633 4480 752 4550 ambigo.

475 4572 496 4642 ²)
515 4574 609 4624 tamen
626 4569 739 4623 minime
758 4573 886 4624 constans
905 4569 1015 4623 videtur
1038 4567 1129 4624 fuisse.
1168 4586 1232 4622 nam
1249 4567 1380 4624 Rhodum
1399 4570 1511 4624 Samum
1529 4569 1703 4638 Byzantium,

367 4660 466 4730 quibua
486 4659 673 4729 Vespasianus
692 4657 851 4713 libertatem
870 4658 975 4713 ademit
992 4658 1079 4728 (Suet.
1098 4659 1183 4727 Vesp.
1203 4659 1239 4729 8),
1258 4658 1333 4712 inter
1350 4657 1452 4712 liberas
1470 4658 1597 4713 civitatee
1616 4659 1705 4712 refert

367 4747 402 4802 cf.
422 4748 517 4817 5,132.
537 4749 598 4802 135.
617 4747 643 4812 l,
652 4746 696 4802 46.
733 4747 800 4803 item
813 4747 935 4802 Achaiae
953 4746 1112 4801 libertatem
1130 4763 1148 4802 a
1165 4745 1276 4801 Nerone
1297 4745 1392 4801 datam
1410 4751 1608 4802 commemorat
1625 4748 1651 4813 4,
1661 4746 1704 4811 22,

368 4835 527 4906 ademptam
545 4852 562 4889 1
580 4835 750 4904 Vespasiano
768 4837 922 4905 praeteriit.

477 4925 499 4993 Β)
517 4922 637 4978 Hermes
656 4925 691 4979 20
711 4925 801 4996 (1885)
821 4943 848 4995 p.
868 4926 928 4980 513.

475 5015 498 5082 ⁴)
517 5016 665 5068 comment.
684 5013 848 5068 Mommsen.
868 5015 939 5070 1877
957 5032 984 5084 p.
999 5015 1064 5077 55ος
1083 5014 1131 5082 qui
1142 5013 1248 5068 Rerum
1260 5013 1428 5068 urbanarum
1444 5011 1531 5068 libros
1544 5011 1591 5066 111
1610 5011 1646 5065 ad
1659 5027 1707 5066 eoa

367 5103 566 5172 antiquitatum
585 5102 673 5156 libros
692 5103 792 5172 quibus
810 5102 900 5159 Roma
918 5103 1055 5173 descripta
1074 5107 1155 5170 esset,
1174 5103 1292 5160 rettulit.

1508 5191 1541 5245 90
