4275 6025
1059 666 1126 733 104

425 898 465 945 ac
486 876 528 945 de
548 877 657 965 Cypro
680 899 719 946 ea
733 878 862 945 Plinius
884 884 1076 965 aspernatus
1097 884 1157 961 est,
1180 885 1353 965 propterea
1376 877 1464 963 quod
1477 877 1626 945 Isidorus
1648 879 1680 945 ei
1701 878 1762 945 ab·

425 984 511 1051 unde
533 985 703 1052 materiam
725 983 891 1069 praebuit:
914 983 1001 1053 Plin.
1018 987 1127 1068 5,129
1150 984 1192 1055 ci.
1215 1004 1316 1069 supra
1335 1005 1368 1069 p.
1384 986 1437 1053 36.
1477 981 1595 1051 deinde
1616 1005 1658 1051 ex
1671 1004 1761 1050 men·

425 1093 509 1158 suris
531 1090 744 1159 Cretensibus
766 1090 962 1157 diastemata
982 1113 1067 1175 quae
1089 1090 1203 1175 procul
1225 1091 1325 1157 dubio
1347 1090 1435 1176 apud
1457 1089 1660 1176 periegeeeos
1681 1112 1762 1157 aue

425 1202 531 1265 torem
553 1198 609 1284 (cl.
632 1218 732 1285 snpra
753 1218 787 1282 p.
803 1198 917 1284 blsq.)
939 1218 1004 1263 non
1027 1198 1204 1277 invenerat,
1228 1218 1268 1264 ex
1282 1196 1435 1281 Agrippa
1456 1196 1633 1282 supplevit:
1656 1201 1687 1279 4,
1704 1201 1760 1268 60.

426 1302 598 1372 Sardiniae
620 1325 717 1389 porro
739 1323 909 1374 mensurae
932 1302 1096 1369 uberiores
1118 1324 1217 1387 quarn
1239 1301 1391 1387 Agrippa
1413 1301 1541 1369 adferre
1564 1302 1679 1369 solitus
1698 1310 1759 1385 eat,

424 1411 600 1497 periegesis
613 1410 744 1477 obtulit:
757 1408 798 1476 cf.
804 1408 888 1476 Plin.
897 1413 928 1488 3,
939 1412 982 1479 84
987 1408 1044 1494 (cl.
1049 1432 1084 1495 p.
1090 1411 1157 1495 59).
1180 1430 1219 1475 ac
1229 1431 1271 1475 ne
1283 1407 1436 1475 Corsicae
1448 1405 1578 1492 quidem
1591 1429 1761 1477 mensuras

425 1520 469 1600 (3,
479 1518 536 1604 80)
552 1517 595 1583 ab
611 1536 649 1583 eo
664 1516 810 1601 sumpsit,
832 1514 890 1582 sed
905 1515 947 1581 ab
959 1520 1093 1583 anemae
1107 1516 1319 1601 periegeseoa.
1343 1515 1483 1601 deniqne
1499 1536 1668 1581 mensuras
1683 1535 1761 1581 orae

424 1623 561 1691 Italicae
572 1623 758 1709 Agrippeas
777 1621 832 1705 (cf.
843 1621 954 1691 Strab.
966 1625 1041 1693 285.
1055 1625 1136 1703 261)
1152 1644 1173 1689 a
1187 1622 1296 1689 Plinio
1310 1622 1427 1708 respici
1442 1620 1528 1688 infra
1546 1621 1758 1687 monebimus.

423 1730 537 1816 itaque
558 1735 598 1798 ut
619 1727 930 1814 comprehendamus
952 1750 1036 1814 quae
1059 1729 1100 1796 de
1122 1729 1275 1815 Agrippa
1296 1729 1393 1795 modo
1424 1728 1645 1811 disseruimus,
1677 1728 1761 1793 satia

423 1837 528 1905 multa
550 1837 584 1903 in
606 1837 790 1903 universum
814 1855 855 1901 ex
877 1856 915 1902 eo
937 1834 1063 1902 Plinius
1086 1836 1204 1919 hausit,
1236 1835 1294 1901 sed
1324 1834 1381 1901 ubi
1403 1834 1547 1919 largiora
1575 1839 1761 1917 aulaeque

423 1944 516 2029 larga
537 1950 691 2028 comaque
712 1942 770 2009 alii
791 1941 948 2027 praebere
970 1941 1172 2024 videbantur,
1196 1941 1367 2027 Agrippea
1388 1940 1442 2006 hic
1462 1941 1532 2007 illic
1546 1960 1610 2007 non
1625 1941 1759 2025 recepit.

423 2049 509 2115 idem
532 2064 631 2134 snpra
653 2049 693 2114 de
716 2046 836 2115 tabulis
859 2048 1010 2113 censoriis
1031 2048 1219 2114 invenimus.
1264 2047 1528 2114 consuetudinem
1549 2047 1652 2131 igitur
1669 2046 1761 2112 Plini

423 2155 500 2223 hinc
532 2154 623 2221 illinc
652 2153 833 2221 doctrinam
867 2152 1041 2219 delibantis
1075 2174 1135 2220 nec
1168 2153 1298 2238 plenam
1329 2152 1514 2238 praebentis
1544 2152 1755 2237 agnoscimus.

424 2262 615 2347 sapientiam
643 2261 727 2328 enim
758 2262 875 2345 σχοίνῳ
902 2257 1033 2346 Περσίδι
1062 2260 1269 2343 metiebatur,
1300 2258 1524 2345 amplitudine,
1554 2280 1617 2325 non
1640 2260 1758 2343 pretio.

422 2372 534 2434 tamen
556 2388 620 2434 non
636 2366 704 2433 sine
727 2364 867 2451 quadam
891 2366 1097 2432 mensatione
1118 2365 1161 2431 ab
1178 2366 1309 2451 optimis
1324 2364 1470 2431 fontibus
1483 2366 1629 2432 recessit:
1652 2385 1759 2449 aeque

423 2472 509 2541 bona
530 2494 565 2539 se
587 2472 667 2540 alibi
690 2471 861 2555 indagasse
884 2472 1088 2538 existimavit.
1133 2493 1200 2556 qua
1221 2493 1257 2538 re
1278 2472 1353 2557 plns
1374 2471 1470 2537 nnius
1492 2469 1634 2538 indolem
1656 2473 1758 2556 scrip·

423 2581 504 2648 toria
526 2578 654 2646 Plinius
676 2577 770 2645 nobis
792 2577 986 2645 subindicat.

534 2684 717 2757 Varronem
732 2707 860 2771 quoqne
875 2686 981 2771 ipsum
992 2684 1132 2752 aPlinio
1146 2684 1328 2752 adhibitum
1343 2705 1412 2751 esse
1427 2705 1527 2770 snpra
1542 2686 1756 2769 cognovimus,

423 2793 463 2860 cf.
487 2814 518 2879 p.
544 2796 619 2880 9sq.
643 2794 700 2860 sed
722 2799 799 2861 sunt
819 2794 879 2878 qui
902 2814 976 2859 eum
998 2792 1052 2858 bic
1074 2792 1143 2858 illic
1165 2797 1295 2858 tantum
1317 2792 1499 2876 inspectum
1514 2811 1584 2857 esse
1599 2811 1760 2876 acpauca

421 2900 530 2968 Plinio
551 2899 740 2987 praebuisse
762 2897 881 2970 dicant.

534 3028 599 3092 qna
629 3006 663 3072 in
692 3028 728 3073 re
759 3026 837 3072 sane
870 3004 1000 3091 dignum
1031 3009 1082 3071 est
1112 3004 1414 3072 commemoratione
1444 3024 1503 3091 per
1535 3008 1639 3071 totam
1668 3003 1757 3072 Plini

422 3114 667 3200 descriptionem
701 3134 799 3180 unam
831 3113 936 3180 teneri
965 3112 1149 3197 imaginem,
1184 3111 1304 3178 eisdem
1337 3112 1530 3196 plerumque
1563 3110 1670 3178 verbis
1703 3133 1759 3178 ex·

421 3241 575 3307 pressam,
599 3241 715 3305 nempe
740 3219 819 3288 belli
849 3217 1015 3285 cniusdam
1045 3218 1134 3303 quod
1163 3215 1202 3284 fit
1232 3218 1317 3284 inter
1344 3222 1467 3285 terram
1493 3222 1527 3284 et
1552 3237 1651 3284 mare.
1696 3219 1757 3285 hos

420 3326 517 3394 velim
539 3326 620 3392 mihi
642 3326 788 3393 conseras
810 3325 911 3392 locos:

533 3434 599 3513 3,b
617 3431 749 3498 Oceanus
771 3455 791 3496 c
814 3454 872 3518 pao
893 3433 1005 3496 dimon
1027 3441 1069 3496 eat
1083 3432 1181 3518 spatio
1189 3429 1215 3514 1)
1230 3431 1418 3495 Atlanticum
1439 3453 1523 3496 meare
1543 3431 1707 3518 infindens
1729 3443 1759 3496 et

421 3541 509 3604 auido
530 3549 759 3613 namnetem,
791 3560 991 3625 quaecumque
1017 3539 1180 3602 venientem
1208 3558 1354 3623 anparere
1380 3539 1565 3622 demerpene,
1598 3539 1759 3603 mammulae

421 3668 534 3734 qnoque
551 3645 686 3734 Jlemmeo
707 3645 827 3709 litorum
857 3644 994 3732 anfractu
1023 3644 1136 3718 lambit,
1168 3643 1331 3730 &repam
1359 3643 1405 3707 oel
1434 3644 1566 3708 macinae
1594 3645 1758 3710 recessibus

420 3754 530 3820 oretria
552 3775 707 3837 macana,
729 3754 782 3817 red
802 3753 836 3816 in
863 3762 1006 3838 quattuor
1031 3751 1212 3838 praeceptere
1239 3752 1330 3816 mnae.
1375 3749 1417 3818 ci.
1442 3752 1473 3833 3,
1486 3753 1529 3821 74
1558 3751 1592 3814 in
1614 3772 1648 3816 eo
1670 3751 1757 3837 (sinn

419 3860 540 3949 primo)
562 3859 665 3924 mama
685 3877 811 3944 empna:
833 3859 912 3922 unde
934 3857 1127 3944 inrumpit,
1148 3857 1336 3921 Atlanticum
1358 3878 1426 3942 eqs.

531 3968 597 4046 4,9
620 3967 654 4030 in
680 3985 713 4029 eo
740 3964 800 4028 laco
823 3962 1065 4051 (Peloponnesi)
1094 3963 1346 4048 inrumpentia
1375 3984 1392 4028 e
1421 3964 1581 4029 dismas..
1603 3965 1755 4035 maria..

417 4094 538 4138 omnem
566 4071 611 4134 ibi
640 4069 829 4134 latitudinem
854 4079 961 4132 coram
988 4088 1056 4153 eqs.
1079 4067 1119 4136 ci
1151 4071 1237 4148 4,19
1265 4078 1309 4133 tot
1338 4069 1421 4133 ainus
1441 4068 1641 4156 Peloponnesi
1670 4092 1755 4134 mam

419 4179 581 4252 lannnunt,
606 4187 646 4242 tot
666 4178 766 4241 moria
789 4175 953 4258 Mutant,
977 4176 1123 4262 siquidem
1146 4198 1166 4240 a
1187 4176 1382 4263 septentrione
1399 4175 1538 4241 Ionicum
1559 4178 1755 4263 inrumpit,

420 4285 460 4350 ab
480 4285 628 4348 occldente
642 4281 745 4349 Siculo
762 4283 914 4370 pellantur,
937 4305 957 4346 c
979 4283 1106 4348 meridie
1121 4279 1233 4347 &mbo
1257 4293 1407 4368 arpenne,
1430 4282 1470 4346 ab
1491 4284 1602 4349 crima
1623 4284 1760 4350 ὀηιηιαὶί

420 4391 549 4478 dequeo,
574 4389 614 4452 ab
635 4390 744 4454 munte
775 4388 925 4454 remediali
950 4387 1083 4474 Myrtoo.
1126 4409 1187 4455 nec
1215 4408 1281 4455 non
1310 4394 1343 4469 4,
1356 4391 1399 4459 22
1431 4409 1621 4474 comparare
1648 4391 1754 4459 iurat:

418 4498 558 4562 univesa
587 4506 686 4560 numm
708 4495 974 4581 (Peloponnesus)
1004 4495 1082 4559 uelut
1104 4505 1249 4581 pensante
1280 4517 1443 4582 aepumum
1469 4497 1608 4561 incursae
1632 4509 1755 4580 nauca,

417 4605 452 4669 in
473 4613 584 4668 monae
605 4622 657 4666 aee
678 4611 766 4686 atque
787 4599 894 4664 LXX
916 4599 1071 4668 attollitur.

531 4715 601 4775 tum
630 4711 663 4788 4,
677 4708 719 4777 75
748 4716 867 4770 uastum
896 4727 982 4772 mare
1007 4707 1185 4794 praeiacens
1212 4707 1307 4773 Asiae
1329 4706 1479 4794 (Pontus)
1509 4717 1538 4773 et
1565 4706 1604 4770 ab
1626 4706 1755 4794 Europa

418 4826 551 4905 pareclo
575 4811 749 4878 Cherronesi
778 4813 861 4878 litore
883 4812 1038 4899 aepulaum
1062 4823 1188 4898 capram
1209 4824 1309 4880 meatu
1329 4815 1478 4901 inrumpit
1502 4816 1537 4880 in
1562 4823 1657 4879 unae
1690 4813 1760 4878 VII

508 4971 648 5134 ammi,
659 4971 675 5027 3
690 4969 832 5028 aetnam
849 4969 925 5041 freto
937 4987 992 5040 mea
1008 4969 1209 5042 inrumpens
1226 4987 1344 5029 mnae
1355 4971 1515 5030 Atlanticus
1531 4971 1565 5030 in
1576 4971 1668 5030 neta
1683 4971 1755 5030 inte·

417 5063 496 5121 riom
530 5060 537 5074 '
623 5060 685 5118 'tun
