4275 6025
1071 705 1114 770 70

422 915 578 980 Philaenis
592 913 743 1001 fratribus
766 925 890 981 trenna.
935 916 1061 982 accedit
1084 915 1171 1000 quod
1198 915 1279 982 litus
1301 938 1365 983 non
1393 938 1495 1000 nsque
1525 916 1567 983 ad
1589 917 1761 1003 Phycunta

423 1021 646 1106 inportuosum
669 1027 727 1101 est,
753 1022 837 1088 sicut
859 1022 948 1107 apud
970 1023 1092 1089 Melam
1115 1022 1270 1108 seriptum
1293 1029 1352 1092 est.

537 1125 612 1211 Qua
633 1129 759 1195 ratione
782 1148 855 1194 cum
878 1149 943 1196 non
965 1128 999 1194 id
1022 1128 1261 1195 demonstretur
1289 1130 1377 1214 qnod
1405 1130 1562 1213 volumus,
1595 1131 1676 1197 talia
1706 1131 1760 1198 hic

424 1255 488 1302 non
511 1233 639 1319 longine
666 1233 890 1319 persequenda
919 1255 989 1300 essa
1020 1235 1131 1313 statui,
1164 1256 1361 1319 quamquam
1391 1235 1539 1302 nonnihil
1569 1235 1645 1302 inda
1675 1236 1760 1302 lucri

423 1343 552 1428 capitur
574 1341 616 1408 ad
639 1340 746 1408 Melae
768 1341 946 1427 nequitiam
956 1340 993 1425 ¹),
1029 1340 1083 1406 hic
1113 1339 1180 1406 illio
1202 1341 1301 1406 etiam
1330 1341 1373 1406 ad
1402 1340 1491 1406 Plini
1520 1342 1759 1426 neglegentiam

424 1449 688 1535 cognoscendam.
735 1449 791 1516 sed
814 1448 857 1516 ad
881 1469 935 1514 eas
958 1448 1162 1514 diversitates
1184 1453 1340 1532 properat
1363 1449 1499 1530 animus,
1524 1469 1606 1533 quas
1627 1447 1760 1516 alterins

423 1562 481 1622 aut
504 1556 652 1623 socordia
674 1561 733 1622 aut
755 1554 898 1621 stultitia
920 1555 1082 1640 explicare
1104 1575 1169 1621 non
1191 1555 1279 1620 licat

534 1684 572 1732 ac
586 1661 707 1730 Melam
732 1664 863 1729 nomina
884 1662 1016 1748 propria
1039 1662 1156 1746 insigni
1179 1661 1321 1744 quadam
1341 1662 1466 1728 incuria
1480 1666 1639 1727 tractasse
1661 1681 1760 1746 supra

423 1768 571 1854 exemplo
593 1770 723 1854 egregio
746 1768 991 1836 illustravimus.
1036 1769 1150 1852 itaque
1173 1767 1317 1834 diversas
1344 1769 1510 1835 nominum
1540 1767 1671 1852 formas,
1701 1768 1759 1834 ubi

422 1876 529 1944 altera
563 1873 632 1942 sola
662 1873 768 1941 Melae
801 1874 1007 1952 anctoritate,
1038 1873 1198 1958 siquidem
1226 1873 1278 1940 fas
1308 1880 1359 1940 cst
1385 1874 1426 1939 de
1456 1894 1494 1940 co
1516 1875 1580 1940 lrac
1602 1895 1678 1941 voca
1700 1875 1757 1956 nti,

423 1983 550 2065 nititur,
581 1981 680 2047 nolim
710 1979 836 2046 afferre.
883 1979 942 2046 ubi
971 2000 1046 2046 vero
1073 1987 1213 2065 utraque
1241 1979 1348 2047 forma
1373 1979 1461 2048 iusta
1482 1986 1543 2061 est,
1574 1981 1671 2047 aliter
1704 2002 1758 2048 res

424 2109 458 2156 se
480 2087 588 2157 habet.
635 2093 713 2152 tunc
741 2087 826 2152 enim
857 2085 898 2152 de
919 2086 1026 2152 Melae
1055 2087 1151 2170 lapsu
1180 2107 1244 2154 non
1273 2088 1352 2154 licet
1381 2089 1536 2172 cogimra.
1580 2109 1658 2154 nam
1686 2108 1758 2172 per·

422 2194 539 2260 mirum
564 2199 659 2275 esset,
691 2192 719 2256 si
740 2192 797 2257 ille
819 2193 1001 2259 caecutiens
1023 2193 1059 2257 in
1081 2213 1191 2258 verum
1213 2192 1388 2261 incidisset
1436 2194 1648 2277 quamobrem
1678 2195 1758 2260 haec

422 2300 508 2367 inter
529 2297 730 2365 differentias
754 2317 942 2364 enumcrare
964 2298 1035 2363 iure
1057 2317 1242 2382 possumus:

533 2405 623 2472 Mela
646 2409 675 2487 1,
689 2407 731 2476 51
754 2403 965 2491 Enpnannne:
991 2405 1075 2470 Plin.
1099 2407 1129 2486 5,
1144 2410 1186 2475 59
1209 2404 1397 2492 Elephantis.

533 2513 621 2580 Mela
645 2519 674 2595 1,
687 2515 730 2582 85
753 2510 909 2597 Μυσῶν
936 2511 1015 2578 Plin.
1039 2513 1150 2592 5,107
1173 2509 1362 2598 Leucopolis.

532 2620 621 2687 Mala
644 2622 753 2701 1,100
775 2619 857 2681 anus
874 2616 1014 2682 Olbianos
1037 2617 1124 2684 idem
1147 2616 1275 2698 dicitnr,
1299 2619 1357 2703 qni
1378 2618 1466 2702 apud
1480 2617 1625 2685 Plinium
1648 2624 1759 2699 5,148

420 2729 569 2794 Ascanius
592 2728 659 2794 sive
682 2726 856 2790 Astacenus.

532 2834 621 2900 Mela
647 2834 761 2915 1,116
784 2830 969 2897 Maeotidas
991 2830 1144 2896 dicuntur
1167 2828 1539 2917 Gynaaoocratumenoe,
1563 2833 1650 2904 Plin.
1671 2837 1758 2914 6,19

422 2941 644 3013 Sauromatae.

534 3048 623 3115 Mola
645 3052 732 3129 2,17
757 3054 791 3114 ct
806 3052 849 3118 30
869 3046 992 3113 Nestus:
1017 3046 1105 3115 Plin.
1127 3052 1160 3128 4,
1172 3050 1217 3115 40
1239 3053 1274 3113 et
1296 3049 1340 3116 42
1362 3046 1475 3110 Mettus
1498 3047 1608 3131 (hodie
1631 3047 1757 3135 Merca).

532 3153 621 3221 Mela
643 3158 674 3234 2,
687 3157 730 3223 35
754 3154 877 3219 Alsenos:
902 3151 990 3219 Plin.
1012 3158 1044 3235 4,
1058 3155 1103 3221 34
1128 3149 1280 3237 Oinoa).

532 3259 621 3327 Mela
644 3262 676 3339 2,
685 3263 728 3328 45
756 3256 852 3343 Opaca
873 3252 1044 3344 fontenet
1069 3256 1156 3322 Plin.
1180 3261 1213 3336 4,
1225 3259 1268 3326 27
1294 3255 1387 3342 Opas.

533 3365 623 3432 Mela
645 3369 676 3447 2,
687 3370 731 3435 45
755 3362 921 3451 Scaeptic:
945 3362 1034 3433 Plin.
1057 3369 1090 3444 4,
1103 3367 1147 3435 27
1170 3362 1318 3449 Scarplre.

532 3472 622 3541 Mela
644 3477 675 3552 2,
687 3475 731 3543 46
757 3470 926 3537 Gnemidee:
949 3472 1034 3538 Plin.
1057 3476 1090 3553 4,
1101 3474 1144 3541 27
1171 3470 1299 3540 Cnemis.

533 3577 621 3646 Mela
643 3583 675 3659 2,
687 3582 730 3651 46
754 3578 946 3645 Brauronia:
969 3578 1055 3650 Plin.
1078 3583 1111 3659 4,
1123 3580 1166 3647 24
1189 3577 1345 3643 Bronton.

533 3684 622 3754 Mela
643 3689 730 3769 2,ῠο
756 3687 912 3752 Troezene:
936 3685 1022 3753 Plin.
1046 3690 1134 3765 4,18
1162 3685 1301 3753 Troezen.

533 3792 731 3876 11111252
758 3790 902 3857 Ceraunii
922 3802 1047 3855 manns:
1083 3789 1338 3860 11um
1369 3797 1499 3876 praetor
1525 3798 1557 3875 4,
1568 3796 1601 3871 2,
1623 3793 1665 3860 de
1694 3816 1759 3879 quo

422 3898 493 3967 loco
515 3900 690 3985 separatim
713 3898 874 3984 agendum
896 3903 955 3964 cst.

532 4004 620 4072 Mala
643 4008 674 4085 2,
689 4009 731 4075 53
759 4002 919 4069 Oenonen:
942 4001 1029 4071 Plin.
1051 4006 1116 4085 4,7
1142 4000 1281 4065 Oeanthe

533 4112 622 4179 Mola
644 4114 675 4194 2,
689 4114 732 4183 54
754 4112 835 4195 Argi
855 4108 1074 4196 Amphilochii:
1097 4107 1181 4176 Plin.
1205 4112 1273 4189 4,5
1298 4108 1400 4193 Argea
1421 4109 1691 4195 Amphiloelinem.

534 4216 623 4283 Mela
645 4220 676 4299 2,
689 4220 733 4288 64
755 4218 869 4281 colonia
892 4216 1063 4281 Fanestrie:
1087 4214 1173 4281 Plin.
1196 4216 1305 4295 3,113
1325 4215 1444 4279 colonia
1457 4214 1581 4279 Fanum
1594 4216 1759 4285 Fonnnae.

535 4319 623 4388 Mala
646 4325 733 4403 265
756 4322 906 4387 mallem
933 4322 1143 4387 itomanam
1167 4318 1254 4391 Plin
1276 4322 1388 4401 3,110
1414 4320 1587 4386 Tmennm.

532 4552 555 4620 ¹)
573 4566 629 4605 non
651 4550 705 4605 soli
726 4551 920 4624 neglegentias
947 4550 1065 4607 debetur
1091 4549 1239 4605 clamites
1260 4548 1352 4604 llelaa
1374 4549 1445 4614 230
1462 4546 1594 4620 Strymon
1611 4592 1620 4607 .
1638 4592 1648 4607 .
1668 4553 1759 4610 um

423 4636 499 4707 scalt
525 4642 554 4693 st
575 4637 649 4693 Plini
673 4640 747 4709 238
774 4640 805 4695 in
832 4644 932 4713 septen
958 4641 1035 4699 naa
1061 4657 1124 4696 eane
1144 4638 1239 4709 finali.
1281 4654 1448 4706 quamquem
1470 4636 1546 4693 bend
1566 4640 1760 4711 improbabilis

423 4726 582 4782 coniectura
600 4726 737 4797 Dnoyaeni
759 4732 810 4798 cst,
833 4730 881 4799 qui
904 4728 979 4799 opud
996 4728 1119 4784 Plinium
1140 4728 1173 4784 in
1193 4730 1318 4799 nepem
1341 4726 1431 4783 nean
1455 4726 1632 4783 acribemlm
1654 4728 1760 4785 indicet

424 4812 521 4886 (neem
538 4814 682 4887 Schriften
699 4816 713 4871 l
731 4834 759 4887 p.
772 4818 826 4887 52).

534 4907 556 4978 1)
575 4906 649 4976 qnod
667 4907 801 4977 oppidum
819 4905 892 4961 falso
909 4906 971 4961 loco
988 4908 1230 4962 commemoratur.

533 4996 555 5067 ⁸)
574 4994 609 5049 da
627 5010 682 5064 qno
699 4994 761 5050 loco
780 4992 854 5049 Plini
872 4992 909 5050 ol.
926 4994 1001 5049 inira
1018 5011 1046 5064 p.
1065 4996 1109 5050 95.
1144 4992 1219 5049 unce
1236 4991 1384 5063 eppmbit
1400 4990 1526 5049 Plinium
1548 4994 1580 5049 in
1605 4994 1686 5052 fonte
1709 5013 1760 5053 suc

423 5096 480 5137 non
497 5082 595 5140 Aloros
612 5082 757 5139 insenius.
