4275 6025
1013 697 1075 762 187

372 908 552 976 abeodem
583 907 655 975 loco
679 909 712 987 6,
722 910 766 977 46
798 908 956 992 pergitur.
1001 906 1114 990 itaque
1135 905 1340 976 Varroniana
1371 908 1419 975 ibi
1449 929 1578 993 quoque
1608 907 1711 974 latere

371 1015 542 1082 censueris.
588 1014 641 1080 cui
663 1014 842 1080 sententiae
863 1014 1107 1081 accomodatum
1122 1019 1172 1080 est
1194 1035 1283 1080 mare
1298 1014 1500 1100 Hyrcanium
1515 1015 1614 1082 tertia
1635 1035 1711 1100 pars

374 1119 485 1205 Caspii
511 1120 621 1204 maris,
657 1140 742 1205 qnae
770 1124 880 1205 partes
910 1119 953 1187 ab
982 1121 1099 1187 accolis
1131 1119 1263 1186 nomina
1296 1125 1476 1201 traxerunt,
1511 1142 1600 1188 more
1634 1141 1711 1188 sane

371 1226 591 1295 ,Varroniano
628 1247 667 1293 ac
690 1231 766 1292 sunt
789 1225 948 1310 quaedam
963 1247 1038 1293 cum
1052 1226 1141 1293 Mela
1164 1225 1387 1292 similitudines
1402 1227 1444 1296 cf.
1459 1227 1544 1310 Plin,
1569 1231 1599 1308 6,
1613 1232 1709 1313 llsq.

374 1332 578 1398 dbmmori..
607 1331 842 1419 Harmatotropi
871 1330 1082 1419 elevarae),
1123 1331 1250 1398 Comani
1265 1383 1273 1400 .
1289 1379 1322 1398 ..
1354 1330 1497 1398 Gauderi
1525 1334 1708 1401 Pariani..

373 1439 531 1506 Bactri..
556 1437 723 1524 Sogdiani:
745 1438 835 1506 Mela
865 1441 951 1518 1,13
979 1436 1120 1504 Gaudere
1145 1451 1172 1504 et
1193 1439 1328 1504 Pariani
1354 1451 1382 1505 et
1408 1439 1519 1504 Bactri
1562 1437 1712 1525 Sogdiani

373 1546 520 1628 (sotem
542 1546 624 1632 cod.)
647 1546 916 1632 Plcormacctropbi
937 1543 1102 1612 Chomarae
1128 1545 1340 1613 Choamani..
1367 1544 1497 1615 Comari.

484 1651 691 1723 Varroniano
704 1652 805 1736 igitur
826 1653 861 1718 in
876 1656 907 1734 6,
920 1656 963 1722 46
969 1672 1018 1737 sq.
1053 1653 1158 1719 inesse
1173 1653 1227 1718 vix
1241 1652 1386 1738 negabis.
1421 1657 1565 1719 attamen
1580 1651 1710 1717 minime

372 1759 499 1844 integra
521 1763 609 1825 sunt.
648 1758 745 1824 immo
760 1778 826 1823 non
840 1762 969 1824 tantum
984 1759 1193 1824 continuatur
1208 1755 1319 1843 Oaspii
1333 1758 1432 1825 maris
1446 1757 1631 1843 descriptio,
1654 1757 1709 1824 sed

370 1885 430 1932 eae
453 1885 582 1950 quoqne
605 1864 751 1949 regiones
774 1870 1027 1947 pertractantur,
1058 1886 1144 1948 qnae
1165 1865 1293 1949 longius
1316 1864 1360 1931 ab
1383 1886 1421 1931 eo
1452 1870 1597 1931 remotae
1623 1870 1709 1931 sunt.

371 1993 475 2056 neque
498 1972 584 2037 enim
610 1971 639 2036 si
669 1989 760 2036 oram
781 1969 894 2054 Oaspii
924 1970 1022 2036 maris
1044 1969 1172 2035 Plinius
1203 1975 1380 2051 enarraret,
1411 1975 1520 2055 potest
1550 1971 1709 2056 intellegi:

367 2079 501 2163 equidm
521 2077 603 2160 cepio
625 2074 798 2160 Margiane,
834 2097 919 2159 quae
941 2076 985 2142 ad
1007 2077 1165 2142 orientem
1187 2097 1299 2143 versus
1324 2077 1558 2162 Apavortenae
1584 2077 1711 2144 adnexa

371 2189 431 2248 est.
478 2179 595 2246 deinde
617 2179 688 2245 hiat
709 2182 824 2249 oratio.
862 2181 962 2247 rerba
984 2183 1070 2248 enim
1094 2186 1125 2260 6,
1138 2186 1182 2252 47
1205 2183 1243 2246 ab
1266 2183 1355 2246 boios
1377 2185 1495 2249 eccelsia
1509 2204 1574 2249 non
1588 2183 1710 2250 habent
1752 2237 1755 2248 .

368 2308 435 2371 quo
456 2287 650 2355 referantur.
696 2309 769 2353 nam
792 2288 903 2352 eccelm
925 2290 1083 2355 montium
1098 2290 1260 2375 intellego,
1284 2311 1348 2356 non
1363 2289 1516 2376 intellego
1531 2291 1633 2358 urbis.
1671 2312 1710 2356 ac

371 2394 497 2476 siquis
528 2398 667 2477 quaerat
688 2393 730 2459 ad
761 2414 842 2478 qnos
873 2401 999 2462 montes
1031 2394 1090 2462 illa
1119 2397 1220 2463 verba
1245 2398 1440 2481 pertineant,
1472 2404 1604 2482 praeter
1626 2396 1710 2464 Oau·

371 2520 482 2565 casum
504 2500 613 2566 nullus
640 2500 743 2582 adest,
775 2501 832 2584 qui
863 2508 1136 2569 commemoratur
1158 2505 1188 2584 6,
1202 2505 1246 2572 46
1278 2504 1352 2566 citra
1382 2505 1416 2566 id
1447 2526 1548 2568 amors
1569 2504 1708 2576 Maziris,

368 2603 488 2679 Stracr,
519 2607 620 2670 omnic
643 2629 679 2670 ac
703 2605 847 2673 Caucaso,
891 2609 1016 2674 accedit
1046 2608 1134 2692 quod
1155 2609 1257 2675 verba
1285 2609 1419 2693 aequiro·
1447 2611 1527 2694 regio
1549 2610 1710 2695 Margiane

370 2733 411 2778 ne
440 2713 512 2797 ipsa
542 2713 674 2798 quidem
704 2735 776 2779 cnm
807 2715 1012 2782 antecedenti
1028 2715 1256 2801 descriptione
1286 2714 1385 2780 maris
1414 2712 1523 2800 Oaspii
1554 2717 1633 2782 hene
1657 2738 1708 2784 co·

370 2819 515 2886 haerent.
560 2821 603 2887 ad
626 2819 808 2888 Oaucasnm
834 2821 935 2906 igitur
956 2842 1134 2907 pronomen
1156 2822 1244 2904 licius
1267 2825 1413 2906 spectare
1435 2841 1558 2888 censeo.
1605 2828 1641 2889 at
1663 2844 1710 2889 se-

366 2925 481 3009 qnitur
498 2948 558 3013 per
578 2929 652 3014 iupa
677 2925 803 2991 ocum
823 2928 941 3013 quibus
964 2927 1072 2994 verbis
1095 2929 1181 2995 idem
1203 2928 1371 3013 repetitur.
1418 2927 1528 3013 itaque
1554 2928 1607 2996 hic
1629 2951 1707 3016 quo·

370 3052 434 3115 que
468 3034 773 3099 contaminationem
806 3056 956 3118 agnosco.
1006 3042 1118 3102 tamen
1147 3036 1276 3122 singula
1306 3033 1407 3101 dividi
1436 3057 1531 3121 posse
1563 3037 1706 3122 despero.

364 3142 442 3225 quis
464 3161 539 3206 vero
562 3161 635 3205 cum
651 3139 802 3208 Varrone
824 3142 1015 3208 coniunctus
1038 3145 1091 3227 sit,
1114 3142 1210 3209 facile
1233 3143 1431 3209 enucleatur.
1471 3163 1546 3209 nam
1568 3144 1602 3209 in
1617 3149 1707 3210 ante-

366 3245 557 3313 cedentibus
581 3249 611 3330 6,
624 3252 757 3316 41-44
771 3246 960 3313 Mucianum
983 3250 1182 3333 exscriptum
1205 3269 1274 3315 esse
1296 3256 1545 3315 consentaneum
1561 3256 1626 3317 est:
1648 3251 1707 3317 hoc

368 3353 470 3437 igitur
490 3359 624 3419 auctore
647 3351 855 3422 Varroniana
877 3362 975 3421 ancta
997 3361 1084 3423 sunt.
1726 3426 1730 3435 ,

479 3465 551 3526 tum
574 3463 605 3538 6,
618 3463 715 3544 eosq.
739 3460 779 3526 de
802 3459 931 3546 Scythis
954 3463 1074 3546 agitur.
1120 3483 1184 3546 quo
1207 3462 1277 3528 loco
1300 3460 1462 3545 duplicem
1489 3462 1647 3547 originem
1670 3482 1708 3529 eo

368 3567 508 3649 perspici
530 3587 652 3648 censeo,
678 3566 767 3649 quod
789 3567 884 3634 modo
906 3568 1027 3635 Persae
1049 3568 1145 3634 modo
1168 3567 1285 3635 Parthi
1308 3590 1378 3633 cum
1408 3568 1455 3633 eis
1478 3572 1706 3635 conectuntur:

365 3693 466 3755 quam
497 3672 735 3739 distinctionem
763 3673 896 3740 minime
926 3674 1055 3740 inanem
1086 3694 1157 3740 esse
1188 3674 1257 3758 ipse
1288 3672 1417 3740 Plinius
1446 3672 1584 3742 indicat:
1619 3676 1651 3753 6,
1663 3679 1706 3743 41

367 3778 536 3842 Persarum
556 3800 658 3864 ropac,
681 3802 758 3865 quae
772 3803 852 3844 naec
866 3780 1050 3844 Partlwrum
1069 3781 1273 3865 intellegimus.
1312 3779 1439 3845 accedit
1454 3779 1541 3864 quod
1557 3777 1708 3863 Scythica

369 3884 427 3949 illa
456 3886 587 3951 nomina
610 3884 749 3953 Oaucasi
781 3893 814 3952 et
835 3888 1011 3954 Persarum
1041 3910 1106 3954 non
1137 3888 1206 3953 sine
1236 3884 1468 3970 probabilitate
1497 3885 1541 3952 ad
1570 3885 1707 3953 eundem

366 3992 556 4076 scriptorem
578 3991 773 4075 referuntur,
797 3994 854 4078 qui
876 3998 908 4073 6,
921 3998 964 4064 20
979 4013 1111 4077 quoque
1125 3992 1213 4058 illius
1229 3992 1337 4076 gentis
1351 3990 1543 4058 vocabulum
1559 3993 1707 4060 servavit.

367 4103 481 4163 contra
503 4097 639 4182 populos
662 4097 830 4184 Scythicos
853 4122 917 4166 non
940 4099 1052 4166 eodem
1075 4105 1207 4165 auctore
1232 4098 1415 4163 enumerari
1439 4104 1585 4183 apparet.
1631 4120 1707 4165 nam

366 4204 551 4270 Essedones
572 4204 638 4271 alio
660 4205 730 4272 loco
752 4207 815 4288 hic,
840 4206 905 4273 alio
928 4208 961 4272 in
984 4206 1142 4292 periegesi
1164 4204 1373 4275 Varroniano
1395 4209 1427 4287 4,
1441 4206 1485 4274 88
1509 4205 1550 4272 cl.
1573 4228 1605 4291 p.
1631 4209 1706 4277 181.

367 4310 562 4377 conferenda
590 4309 673 4377 haec
703 4333 772 4378 esee
803 4335 875 4380 cum
906 4315 939 4391 6,
950 4316 994 4382 20
1024 4325 1092 4376 cant
1123 4314 1177 4399 qui
1198 4333 1266 4396 eqs.
1311 4333 1411 4396 supra
1442 4310 1620 4377 indicatum
1647 4317 1706 4379 est.

366 4417 425 4483 sed
439 4438 480 4482 ne
495 4415 557 4484 hoc
572 4418 703 4501 quidem
717 4419 953 4504 neglegendum
968 4419 1049 4484 mihi
1066 4420 1203 4501 videtur,
1228 4418 1317 4502 quod
1333 4416 1475 4503 Scythae
1498 4441 1566 4482 cem
1580 4418 1707 4483 Parthis

366 4547 403 4587 ec
436 4546 532 4609 aequo
563 4526 682 4610 degam,
729 4525 842 4591 eadem
876 4526 962 4593 enim
991 4526 1147 4609 leguntur
1178 4529 1288 4608 6,112
1323 4548 1391 4589 cum
1423 4525 1530 4610 quibas
1561 4524 1706 4611 (Scythia

366 4629 498 4717 Parthi)
520 4654 556 4695 aa
579 4654 672 4717 aequo
694 4633 811 4716 clepunt,
835 4631 883 4697 ita
904 4637 943 4697 ut
965 4631 1046 4697 baec
1067 4630 1168 4697 verba
1189 4632 1261 4716 ipsa
1292 4630 1379 4715 apud
1410 4636 1577 4697 auctorem
1608 4630 1707 4697 fuisse

367 4737 500 4804 eluceat.
538 4742 637 4821 atque
660 4736 741 4802 haec
763 4736 948 4806 aVarrone
971 4737 1079 4802 aliena
1100 4757 1171 4803 esse
1186 4735 1374 4802 luculentur
1388 4736 1599 4820 sequentibus
1619 4758 1706 4802 com-

366 4844 525 4929 probatur
539 4849 570 4927 6,
588 4847 629 4914 51
654 4844 794 4907 hoedum
815 4844 931 4929 ipsius
952 4844 1046 4906 moris
1068 4862 1134 4927 eqs.
1180 4841 1265 4908 unde
1288 4847 1386 4908 autea
1400 4842 1501 4909 alium
1516 4842 1706 4928 scriptorem

478 5076 501 5146 ¹)
519 5091 627 5130 roncare
645 5073 682 5128 E:
702 5073 832 5131 citcmarc
848 5073 888 5127 A:
908 5072 1052 5143 c(a)ernnrc
1068 5066 1175 5141 reliqui.
