4275 6025
618 1670 703 1753 II.
731 1676 794 1752 de
821 1682 1077 1753 terrarum
1106 1677 1542 1778 descriptionibus,

936 1924 968 1993 I.
992 1923 1035 1991 de
1059 1923 1214 2009 Europa.

515 2100 574 2186 qui
595 2107 692 2167 antea
714 2100 755 2166 de
777 2100 866 2166 Plini
886 2099 1030 2167 fontibus
1045 2101 1270 2187 geographicis
1286 2101 1525 2186 quaesiverunt,
1547 2099 1584 2166 id
1599 2103 1747 2183 egerunt,

407 2214 446 2274 ut
468 2207 511 2275 ad
534 2228 635 2274 unum
658 2214 825 2275 auctorem
848 2208 956 2274 omnia
977 2214 1037 2274 aut
1058 2206 1127 2274 fere
1150 2208 1258 2274 omnia
1276 2207 1446 2276 referrent.
1485 2207 1542 2291 qui
1557 2226 1630 2273 oum
1644 2206 1747 2290 ipsius

408 2313 499 2382 Plini
530 2316 570 2382 ds
597 2314 742 2383 lontibus
764 2315 984 2382 testimonium
1007 2315 1108 2403 (3,1)
1131 2321 1329 2401 spernerent,
1355 2314 1427 2381 fieri
1451 2335 1515 2380 non
1536 2314 1645 2399 potuit
1666 2313 1746 2398 quin

408 2427 467 2489 aut
495 2442 611 2507 parum
642 2421 829 2506 probabilia.
855 2425 914 2488 aut
940 2428 1052 2506 aperte
1076 2422 1160 2489 falsa
1181 2422 1374 2508 proferrent.
1420 2426 1529 2488 tamen
1552 2418 1745 2504 quibusdam

282 2606 286 2611 ,
408 2529 595 2596 auctoribus
617 2550 677 2615 per
702 2535 805 2597 totam
828 2529 1076 2615 geographinam
1099 2529 1205 2614 operis
1236 2534 1364 2615 partem
1392 2549 1486 2595 usum
1509 2548 1580 2593 esse
1602 2525 1746 2593 Plinium

408 2656 519 2702 omnes
550 2636 763 2702 consentiunt.
811 2656 876 2720 quo
905 2636 940 2701 in
962 2656 1096 2702 numero
1119 2636 1277 2721 imprimis
1300 2634 1483 2707 Varronem
1506 2640 1540 2700 et
1561 2633 1746 2719 Agrippam

407 2739 594 2807 habendum
617 2761 687 2808 esse
708 2740 898 2807 iudicamus.

515 2848 582 2913 iam
611 2853 650 2913 nt
680 2852 840 2933 quantum
863 2848 1014 2933 Agrippa
1041 2869 1119 2914 usus
1142 2848 1186 2914 sit
1208 2846 1346 2926 Plinius,
1368 2847 1551 2932 perspicere
1573 2845 1744 2931 possimus,

407 2974 469 3039 age
493 2975 577 3040 quae
600 2954 680 3022 alibi
703 2955 792 3021 illius
815 2954 999 3040 fragmenta
1022 2960 1161 3039 exstant,
1185 2976 1258 3022 eum
1271 2954 1430 3021 Plinianis
1453 2951 1667 3020 conferamus.
1706 2972 1747 3018 aa

407 3061 548 3145 primum
581 3060 713 3145 quidem
747 3058 925 3127 Divisionis
958 3081 1128 3127 mensuras
1161 3059 1313 3146 adpingo,
1349 3058 1471 3126 additis
1505 3058 1546 3124 da
1573 3058 1746 3125 Dimensu·

407 3165 534 3232 ratione
565 3173 600 3233 et
631 3167 671 3233 de
687 3164 817 3234 .Or0sio
849 3168 943 3249 notis,
977 3167 1094 3234 deinde
1124 3188 1179 3234 eos
1210 3167 1298 3234 loros
1327 3187 1549 3252 comparemus
1578 3164 1697 3250 quibus
1726 3157 1745 3231 ὃ

408 3270 619 3358 χωρογράφος
640 3273 728 3359 apud
750 3270 944 3340 Strabonem
968 3272 1138 3340 laudaturr

514 3379 623 3450 Div.1
648 3380 689 3447 de
711 3381 876 3466 tripertito
898 3381 976 3448 orbe
998 3380 1039 3450 ef.
1054 3380 1142 3447 Plin.
1159 3384 1228 3462 3,3
1251 3387 1285 3447 et
1307 3401 1405 3466 supra
1426 3402 1458 3465 p.
1475 3381 1529 3450 63.

515 3491 536 3558 2
560 3488 600 3553 de
622 3488 793 3574 principio:
817 3488 962 3555 indidem
983 3488 1111 3555 Plinius
1134 3488 1301 3556 exordium
1323 3487 1419 3573 oepit.

515 3597 535 3664 3
563 3594 717 3682 Hispania
739 3596 771 3660 ia
794 3597 963 3659 universum
985 3595 1026 3662 nl.
1041 3594 1130 3662 Plin.
1147 3601 1179 3679 3,
1191 3598 1244 3667 29.
1278 3594 1337 3660 sed
1350 3593 1392 3660 de
1408 3593 1579 3678 Agrippan
1601 3590 1659 3679 §3
1682 3593 1746 3659 ori·

408 3700 483 3785 gine
505 3700 668 3768 dubitatio
691 3701 784 3768 nobis
807 3706 922 3768 exorta
944 3707 1003 3785 est,
1027 3701 1067 3768 el.
1084 3724 1117 3787 p.
1134 3705 1187 3773 67.

514 3813 536 3878 4
559 3807 686 3874 Baetim
698 3807 725 3895 ¹)
749 3808 850 3891 (Dim.
867 3811 937 3892 24):
961 3808 1047 3874 Plin.
1065 3811 1097 3898 3,
1113 3812 1154 3880 16
1179 3808 1327 3894 quamvis
1357 3805 1544 3872 divisionem
1572 3804 1745 3891 Agrippae

407 3931 567 4000 iniecerit

516 4041 536 4107 5
559 4036 722 4102 Ianitaaia
744 4035 845 4116 (Dim.
862 4039 933 4114 23):
955 4035 1041 4103 Plin.
1058 4040 1090 4118 4,
1107 4038 1180 4106 118.

516 4146 537 4213 6
568 4143 797 4208 Tarraconensia
821 4142 925 4230 (Dim.
948 4142 1020 4230 22):
1052 4143 1171 4209 omissa
1201 4142 1280 4226 quia
1309 4141 1407 4209 aliam
1437 4140 1565 4207 Plinius
1595 4141 1746 4226 sequitur

407 4248 605 4318 divisionem.

516 4359 536 4428 7
564 4352 668 4420 Gallia
693 4353 820 4421 Comata
843 4353 948 4443 (Dim.
965 4355 1036 4440 20):
1060 4353 1148 4424 Plin.
1165 4356 1287 4435 4,105.

515 4465 537 4532 8
560 4459 765 4527 Narbonensis
787 4463 891 4550 (Dim.
907 4464 977 4546 21):
1002 4461 1089 4528 Plin.
1106 4464 1136 4543 3,
1152 4462 1205 4531 37.

517 4571 537 4639 9
560 4569 653 4633 Italia
675 4569 729 4656 (el.
746 4569 833 4636 Dim.
851 4574 905 4650 14,
922 4573 963 4639 15
988 4574 1021 4634 et
1042 4567 1130 4636 intra
1150 4590 1182 4653 p.
1207 4570 1358 4652 112sq.):
1382 4565 1487 4637 *Plin.
1503 4569 1535 4650 3,
1551 4566 1640 4651 44²).

517 4679 572 4747 10.
589 4681 628 4745 11
645 4675 722 4743 Div.
742 4675 841 4742 aliter
854 4682 956 4762 atque
969 4675 1122 4760 Agrippa
1135 4674 1259 4761 partita
1274 4680 1334 4740 eat
1369 4673 1542 4759 genuinam
1556 4673 1746 4741 divisionem

518 4887 540 4959 ¹)
559 4885 589 4941 in
607 4884 748 4942 Divisione
765 4885 874 4940 numeri
892 4884 1000 4940 derunt.

519 4974 724 5048 peremtum
741 4974 781 5030 eis
798 4973 866 5030 loris
887 4973 1013 5044 adposui,
1036 4973 1086 5028 ubi
1107 4972 1252 5044 Agrippan
1274 4972 1353 5044 origo
1377 4989 1435 5029 non
1456 4973 1561 5030 diseno
1584 4972 1746 5029 testimonio

409 5061 519 5120 firmata
537 5069 586 5122 eat
