4275 6025
1109 732 1171 796 172

468 942 628 1010 blidaium
650 941 773 1008 Midaei
794 942 958 1028 pertinent
980 945 1089 1024 5,105
1113 943 1147 1007 in
1169 941 1336 1008 laterculis
1358 943 1512 1009 censoriis
1533 943 1700 1009 nominati
1745 963 1812 1008 nec

467 1052 575 1117 minus
608 1047 767 1116 Celaenae
803 1050 869 1114 iam
903 1051 1014 1128 5,1()6
1053 1069 1095 1114 ex
1127 1047 1284 1133 periegeai
1324 1049 1426 1115 auctis
1468 1049 1589 1116 eisdem
1626 1048 1807 1117 absolutae.

468 1158 556 1223 unde
589 1154 843 1223 concludendum
871 1161 922 1221 est
952 1153 1116 1240 Phrygiae
1147 1155 1395 1240 descriptionem
1432 1177 1453 1222 a
1484 1157 1644 1241 periegesi
1677 1178 1808 1242 quoqne

469 1265 609 1330 alienam
637 1284 717 1345 esse,
747 1260 782 1327 id
815 1262 904 1345 qnod
933 1261 998 1326 iam
1026 1283 1126 1346 supra
1155 1268 1289 1347 propter
1319 1262 1388 1327 eius
1415 1261 1660 1329 collocationem
1682 1263 1808 1346 opinati

469 1391 587 1437 sumus.

580 1495 731 1560 graecam
752 1472 812 1539 illa
834 1473 933 1539 series
955 1473 1112 1557 originem
1136 1493 1215 1558 prae
1238 1494 1273 1538 55
1296 1473 1370 1553 lert,
1394 1475 1436 1540 ad
1455 1474 1640 1541 litterarum
1660 1476 1807 1544 ordinem

469 1606 533 1650 non
555 1585 663 1649 minus
686 1601 877 1667 graecarum
899 1601 998 1662 quam
1020 1580 1195 1645 latinarum
1218 1580 1375 1665 disposita
1389 1587 1449 1652 est.
1487 1582 1726 1666 15115555155,
1741 1587 1806 1653 101

469 1690 516 1776 (5.
542 1690 622 1776 166)
645 1694 679 1753 51
702 1693 733 1771 5,
747 1692 789 1759 94
813 1691 856 1772 (5.
883 1689 960 1772 164)
983 1689 1016 1753 in
1039 1686 1191 1753 Isidoreis
1221 1688 1413 1754 invenimus:
1441 1689 1527 1754 unde
1548 1688 1723 1774 Phrygiam
1746 1690 1809 1755 hoc

470 1802 604 1863 auctore
627 1793 772 1860 Plinium
799 1794 1006 1877 descripsisse
1032 1795 1219 1859 coniectura
1245 1791 1420 1859 admodum
1447 1794 1606 1879 probabili
1640 1797 1807 1863 statuitur.

469 1901 679 1969 confirmatur
697 1899 838 1982 denique
860 1900 1004 1965 Isidorea
1025 1899 1117 1982 origo
1140 1921 1177 1964 eo
1201 1897 1288 1982 qnod
1311 1899 1345 1963 in
1368 1897 1431 1964 fine
1455 1901 1810 1978 514511115511115155

469 2005 912 2092 153551555111111551551,
937 2005 1103 2090 Pergamos
1128 2009 1213 2074 1888
1235 2029 1267 2090 p.
1292 2007 1357 2075 306
1379 2005 1454 2076 adn.
1479 2014 1510 2075 1.

582 2112 625 2180 ad
648 2113 785 2179 eundem
807 2112 929 2178 iontem
952 2133 1051 2196 supra
1067 2116 1176 2193 5,143
1196 2111 1315 2177 1155155
1330 2111 1494 2179 Echeleon
1510 2117 1654 2181 anticum
1669 2114 1809 2181 Troadis

470 2222 567 2287 finem
590 2221 786 2287 rettulimus.
831 2219 967 2303 proinde
990 2217 1156 2285 videamus
1179 2219 1284 2284 sintne
1304 2219 1389 2284 inter
1403 2221 1583 2304 periegesin
1599 2221 1665 2285 alia
1680 2242 1810 2305 quoque

470 2330 540 2395 eius
562 2328 707 2410 vestigia.
731 2349 770 2392 ac
792 2349 870 2392 sane
892 2327 920 2392 ai
944 2331 1052 2405 5143
1080 2323 1199 2390 Gordiu
1221 2348 1321 2389 comen
1344 2349 1420 2409 5555
1441 2326 1601 2414 Iuliopolis
1623 2339 1742 2391 vocatia
1764 2327 1810 2392 ad

470 2457 546 2502 eum
568 2434 691 2500 referre
706 2433 781 2517 quis
796 2432 935 2512 dubitat,
953 2431 1068 2518 1151555
1087 2432 1232 2517 oppidum
1248 2453 1323 2516 5555
1341 2429 1598 2520 (155515515555115
1614 2434 1674 2496 5115
1688 2436 1810 2498 nomine

470 2541 632 2605 Booscoete
655 2537 698 2604 ad
721 2539 790 2603 eins
804 2544 946 2604 aetatem
962 2538 1089 2621 egregie
1105 2537 1264 2602 convenit.
1311 2538 1455 2602 conversi
1471 2545 1581 2604 autem
1596 2545 1705 2604 textus
1720 2540 1809 2605 haud

472 2647 540 2713 scio
562 2668 605 2711 an
627 2652 715 2710 recte
737 2643 853 2709 odorer
875 2642 1028 2709 indicium
1052 2644 1086 2707 in
1101 2642 1253 2708 feminino
1269 2639 1491 2727 quaes‘atyag
1505 2641 1610 2720 πόλις,
1627 2640 1646 2730 ἢ
1662 2650 1809 2730 Γερμανι-

471 2751 614 2829 adnuite.

583 2865 654 2923 tum
675 2859 839 2939 514655.
857 2877 920 2921 555
937 2877 977 2921 ex
996 2855 1109 2921 eodem
1123 2855 1213 2921 fonte
1228 2876 1292 2938 quo
1307 2855 1340 2920 in
1355 2855 1499 2939 Phrygia
1514 2877 1591 2922 5555
1605 2864 1655 2922 est
1668 2857 1808 2934 Plinius,

472 2966 512 3034 de
535 2964 671 3033 Galatia
692 2963 756 3048 531,
781 2983 819 3029 55
847 2963 875 3027 51
904 2959 983 3046 quid
1006 2961 1098 3028 video
1124 2961 1376 3043 demonstratur,
1401 2961 1486 3045 quod
1510 2961 1571 3027 hac
1594 2961 1743 3029 absoluta
1765 2962 1809 3029 ad

470 3075 562 3140 illam
592 3070 726 3149 reditur,
759 3092 834 3135 nam
864 3068 964 3134 verba
996 3072 1105 3152 5147
1131 3068 1267 3153 flumina
1294 3079 1363 3131 5551
1388 3071 1421 3131 io
1448 3091 1484 3132 55
1504 3081 1623 3153 praeta
1644 3072 1707 3133 iam
1728 3072 1809 3135 dictu

472 3181 656 3265 Saggarium
664 3176 691 3260 ¹)
721 3186 748 3239 51
775 3172 891 3256 Gallus,
923 3196 996 3239 cum
1019 3172 1172 3240 Galatiae
1203 3173 1337 3239 flumina
1364 3174 1471 3239 adhuc
1492 3175 1582 3241 dicta
1612 3177 1678 3242 sint
1706 3177 1806 3257 nulla,

472 3287 514 3352 ad
537 3283 715 3367 Phrygiam
745 3282 855 3364 potius
876 3280 1040 3364 pertinere
1061 3279 1179 3345 iudico.
1224 3286 1324 3363 51555
1346 3277 1463 3345 Gallus
1485 3302 1526 3346 ne
1546 3287 1655 3365 potest
1677 3282 1808 3366 quidem

473 3390 628 3458 Galatiae
650 3385 802 3452 adscribi.
849 3386 933 3451 adde
957 3384 1043 3469 quod
1066 3387 1147 3469 ipsis
1169 3386 1680 3464 15111155,196511551515555515
1694 3391 1810 3453 oidatm

472 3508 501 3561 51
521 3498 560 3559 de
585 3492 711 3559 Galatia
740 3494 821 3558 satis
851 3492 960 3557 laxum
988 3513 1145 3559 conexum
1168 3514 1237 3559 esse
1259 3494 1433 3577 accipimus
1455 3494 1539 3559 inter
1562 3501 1733 3580 utramque
1754 3497 1809 3563 de·

473 3603 691 3688 scriptionem.
737 3606 908 3684 praeterea
930 3599 1027 3665 aliter
1042 3599 1263 3667 discribuntnr
1277 3608 1385 3667 terrae
1400 3600 1487 3685 apud
1502 3623 1575 3667 eum
1590 3603 1643 3667 cui
1658 3601 1809 3669 Galatiae

474 3712 612 3777 debetur
645 3708 818 3785 enarratio,
854 3714 953 3791 atque
987 3706 1076 3792 apud
1110 3708 1284 3783 Isidorum,
1320 3708 1347 3772 si
1382 3708 1512 3791 quidem
1549 3730 1650 3792 supra
1682 3733 1714 3794 p.
1743 3713 1808 3779 166

473 3817 618 3885 Isaurios
646 3819 845 3896 5,(1415515
877 3814 953 3879 huic
981 3816 1221 3881 vindicavimus.
1274 3837 1348 3880 nam
1380 3816 1408 3879 si
1438 3813 1572 3881 Galatia
1593 3815 1808 3901 Pamphyliae

473 3922 677 4005 (1515115151)
712 3920 853 4004 adtingit
885 3928 919 3986 et
948 3921 1067 4006 Milyas
1100 3929 1133 3988 et
1166 3920 1311 3987 Pisidiae
1340 3919 1497 4005 quosdam
1527 3928 1662 4003 tractus,
1694 3922 1808 4006 utique

473 4031 612 4112 Isauria,
637 4029 722 4094 sicut
736 4026 823 4110 apud
838 4025 1023 4092 Romanum
1037 4049 1098 4110 par
1114 4034 1172 4109 est,
1197 4028 1230 4092 in
1246 4025 1382 4093 Galatia
1396 4026 1687 4111 comprehenditur.
1723 4049 1807 4111 5555

474 4159 547 4204 cnm
577 4137 626 4201 115
657 4135 732 4216 5151,
763 4132 804 4197 de
835 4130 962 4198 diversa
994 4134 1118 4215 origine
1141 4133 1391 4217 descriptionum
1414 4133 1575 4218 Phrygiae
1597 4141 1631 4199 51
1654 4131 1809 4200 Galatiae

473 4243 624 4310 dubitare
646 4262 710 4307 non
734 4239 819 4308 licet.
865 4239 967 4321 igitur
989 4246 1026 4305 ut
1049 4239 1228 4325 Phrygiam
1251 4238 1388 4321 Graeco,
1412 4241 1459 4305 ita
1476 4238 1643 4307 Galatiam
1658 4240 1808 4307 Romano

473 4348 680 4415 tribuendam
714 4367 784 4412 esee
815 4366 938 4411 censeo.
996 4350 1071 4410 acta
1103 4366 1157 4411 res
1190 4352 1249 4428 est,
1283 4347 1310 4411 si
1340 4367 1413 4411 mea
1442 4347 1551 4429 opinio
1581 4345 1738 4430 probatur
1767 4348 1808 4413 de

474 4456 618 4538 Ancyra.
663 4452 830 4537 Ancyram
853 4452 952 4519 aliam
975 4452 1170 4535 intellegunt
1193 4456 1313 4537 5145,
1336 4453 1433 4518 aliam
1456 4457 1485 4531 5,
1502 4455 1575 4521 146.
1621 4473 1659 4518 55
1685 4454 1808 4538 515515

474 4563 583 4647 priore
611 4560 683 4626 loco
715 4559 904 4625 Abbaitidis
936 4558 1125 4643 oppidulum
1156 4559 1379 4643 accipiendum
1411 4578 1480 4624 esse
1511 4558 1574 4624 sibi
1607 4562 1804 4642 persuaserit

474 4670 530 4734 vix
545 4688 619 4733 enm
634 4665 835 4734 refutaveris.
881 4670 990 4730 tamen
1006 4665 1039 4730 id
1054 4685 1263 4750 nequaquam
1277 4664 1450 4730 verisimile
1465 4684 1535 4729 esse
1549 4662 1656 4729 iudico
1675 4673 1809 4749 propter

475 4774 587 4842 verba:
612 4774 730 4871 oppido
751 4773 795 4835 ibi
817 4772 1010 4852 celeberrimo,
1034 4772 1091 4838 nbi
1114 4772 1323 4839 celeberrima
1343 4769 1506 4857 Phrygiae
1529 4770 1649 4856 oppida
1671 4791 1807 4838 comme·

586 5024 608 5086 ¹)
626 5036 696 5089 quae
714 5020 805 5074 torma
823 5036 840 5073 a
858 5020 994 5089 periegesi
1011 5020 1104 5074 aliena
1120 5024 1164 5075 est
1181 5020 1216 5075 oi.
1236 5021 1288 5089 6,4
1306 5018 1451 5091 moyam

585 5108 694 5179 1)11555
712 5108 970 5175 5555515155101
988 5109 1017 5178 (1.
1037 5107 1185 5176 Isidorum,
1208 5106 1244 5161 ci.
1263 5123 1346 5176 snpra
1363 5124 1390 5175 p.
1410 5104 1474 5173 166)
1491 5104 1527 5159 ad
1545 5102 1659 5173 Lyciam
1676 5104 1806 5175 pertinet.
