4275 6025
1071 723 1135 787 138

431 934 604 1020 Nepotem,
628 955 692 1000 non
715 933 749 999 in
764 933 946 1001 Varronem
968 934 1112 999 invectus
1134 934 1178 999 sit
1193 931 1331 1012 Plinius,
1355 953 1487 1016 quaero.
1534 931 1659 999 accedit
1681 932 1769 1016 qnod

429 1048 542 1107 utrum
566 1041 716 1125 Agrippa
742 1039 826 1106 tales
855 1039 982 1106 fabulas
1015 1040 1313 1106 commemoraverit
1334 1060 1445 1122 necne,
1479 1038 1576 1125 plane
1598 1040 1768 1105 nescimus.

429 1147 645 1231 quamobrem
686 1147 777 1213 illam
813 1147 1034 1231 dr‘lipentiorum
1072 1148 1267 1213 sententiam
1304 1146 1447 1215 Varroni
1484 1144 1669 1212 adscribere
1704 1146 1768 1211 non

429 1254 558 1323 dubito.

539 1383 637 1447 porro
663 1359 705 1427 de
731 1361 974 1427 mediterraneis
996 1360 1035 1425 X
1057 1361 1197 1445 regionis
1223 1360 1373 1444 partibus
1396 1360 1443 1446 (3,
1461 1361 1542 1445 130)
1571 1359 1660 1425 idem
1681 1358 1769 1425 valet

430 1467 520 1552 quod
532 1467 683 1551 saprade
698 1471 730 1548 3,
747 1471 922 1539 123-125
939 1468 1122 1533 statuimus.
1146 1467 1320 1533 laterculos
1336 1467 1424 1533 enim
1439 1468 1628 1551 Augusteos
1638 1467 1692 1533 hio
1702 1468 1768 1533 iam

432 1574 520 1639 Plini
544 1576 669 1640 auctori
690 1580 821 1659 praesto
849 1573 949 1640 fuisse
971 1574 1005 1639 in
1028 1573 1200 1658 propatulo
1221 1580 1281 1638 est.
1327 1574 1452 1639 accedit
1472 1574 1562 1657 qnod
1586 1571 1768 1639 Catoniana

433 1679 594 1765 Nepotem
617 1682 758 1767 sapiunt.
802 1702 877 1745 nam
907 1679 1029 1744 Venetos
1055 1680 1187 1743 Troiana
1208 1682 1300 1765 stirpe
1321 1691 1401 1744 orior
1423 1680 1570 1746 conferre
1596 1680 1673 1745 licet
1695 1699 1767 1745 cum

430 1792 502 1868 (ib
525 1812 583 1875 quo
611 1790 673 1854 loco
700 1789 811 1853 Eiectos
845 1791 935 1851 adicit
968 1786 1080 1876 Nepos²
1097 1810 1117 1849 a
1140 1789 1247 1872 quibua
1279 1790 1314 1850 io
1346 1788 1442 1851 Italia
1475 1797 1551 1850 orme
1585 1788 1768 1871 oopnominea

426 1918 534 1959 eorum
565 1896 685 1961 Venator
707 1919 742 1960 co
763 1898 800 1959 de
822 1894 889 1981 re¹)
913 1894 947 1981 (i.
969 1901 1102 1979 propter
1124 1886 1322 1979 ὁμωνυμίαν)
1342 1904 1439 1979 putat.

540 2025 637 2087 porro
667 2003 754 2087 qnod
783 2003 929 2086 proxime
959 2001 1101 2084 spatium
1126 2000 1262 2084 Alpium
1291 1998 1478 2065 auctoribus
1505 1996 1618 2064 anlio
1640 1996 1768 2081 Nepote

434 2108 527 2175 Livio
549 2108 723 2187 indicatur,
747 2107 895 2173 additum
918 2126 987 2172 esse
1010 2105 1052 2171 ad
1076 2106 1294 2171 narrationem
1316 2106 1388 2189 ipsa
1410 2104 1622 2171 collocatione
1642 2104 1768 2187 perspi-

430 2220 527 2284 citur.
575 2217 692 2281 summi
714 2235 790 2281 vero
812 2214 965 2279 momenti
993 2219 1043 2278 est
1070 2212 1199 2278 eosdem
1221 2218 1371 2277 auctores
1400 2211 1453 2277 hic
1483 2212 1669 2277 coniunctos
1698 2230 1767 2276 esse

429 2323 489 2405 qui
511 2326 542 2402 2,
561 2326 680 2406 169sq.
703 2342 769 2387 una
791 2320 976 2400 laudantur,
999 2320 1122 2405 partim
1152 2320 1187 2384 in
1216 2320 1286 2403 ipso
1314 2323 1477 2397 contextu,
1505 2318 1627 2402 partim
1656 2318 1691 2381 in
1719 2317 1768 2381 in-

429 2427 548 2504 diceb.
595 2427 698 2495 eidem
733 2428 833 2511 igitur
867 2427 1017 2511 scriptori
1052 2426 1310 2491 additamentum
1345 2424 1457 2490 deberi
1491 2423 1679 2505 censuerim,
1711 2423 1767 2507 qui

431 2533 540 2601 Plinio
562 2535 596 2599 in
619 2534 883 2601 antecedentibus
906 2533 1092 2619 Nepotiane
1114 2533 1241 2601 obtulit.

539 2662 578 2706 ea
599 2663 727 2726 qnoque
750 2644 1015 2726 quae3,133sq.
1040 2640 1082 2706 de
1097 2640 1233 2723 Alpium
1257 2639 1371 2706 incolis
1391 2645 1605 2724 exponuntur,
1630 2636 1766 2704 similem

427 2747 572 2815 indolem
594 2747 748 2833 produnt.
794 2769 991 2833 quamquam
1010 2768 1116 2832 neque
1137 2748 1171 2812 in
1194 2746 1231 2810 X
1246 2746 1387 2828 regionis
1416 2746 1633 2830 descriptione
1664 2765 1768 2830 neque

431 2855 484 2921 bic
512 2855 684 2939 diligenter
711 2855 853 2941 disiungi
887 2856 1023 2922 forsitan
1058 2855 1181 2940 possint
1209 2852 1395 2937 Nepotiane
1427 2853 1595 2938 ignotique
1628 2852 1768 2918 auctoris

429 2963 611 3029 sententiae
638 2962 749 3030 abeis
773 2983 856 3048 quae
879 2962 923 3029 ad
944 2961 1136 3049 periegesim
1158 2961 1331 3046 pertinent.
1379 2959 1435 3026 sed
1462 2960 1581 3026 mirum
1609 2964 1768 3044 quantum

428 3071 551 3135 similia
573 3077 649 3136 sunt
664 3091 747 3155 quae
770 3091 811 3135 ex
827 3067 951 3136 Catone
972 3068 1167 3150 referuntur,
1185 3069 1232 3133 eis
1248 3089 1333 3152 qnae
1355 3089 1395 3133 ex
1419 3068 1529 3133 eodem
1553 3070 1766 3147 alae-125

429 3182 567 3241 exstant.
613 3173 748 3244 Catonis
783 3178 866 3243 enim
899 3177 1077 3242 auctoritas
1111 3175 1161 3241 bis
1196 3174 1353 3258 adfertur,
1390 3175 1490 3241 semel
1524 3195 1596 3240 curn
1629 3174 1767 3240 aliorum

428 3281 579 3364 opinione
610 3282 679 3346 eius
711 3283 873 3349 sententia
902 3283 1123 3364 coniungitur:
1154 3281 1315 3367 Lepontim
1332 3330 1340 3347 .
1358 3331 1366 3347 .
1385 3280 1459 3346 Cato
1483 3281 1655 3355 arbitratur,
1683 3281 1769 3344 ceteri

420 3385 489 3473 sere
507 3437 514 3453 .
534 3389 688 3462 ‚credam
734 3389 883 3455 similiter
906 3388 1022 3454 deinde
1043 3394 1144 3471 atque
1166 3390 1280 3471 3,123
1302 3388 1403 3453 -ad
1426 3409 1522 3472 quem
1545 3387 1652 3452 locum
1675 3387 1767 3470 quasi

430 3492 602 3577 respicitur
624 3492 675 3558 his
698 3494 821 3560 verbis:
844 3496 975 3559 eiusdem
997 3494 1139 3558 carratae
1162 3504 1188 3558 et
1207 3490 1320 3557 Graios
1334 3491 1430 3578 finisse
1449 3490 1617 3558 Graiorum
1638 3493 1767 3578 Alpium

429 3600 539 3664 incolas
554 3637 608 3685 —,
632 3597 779 3666 Graecae
800 3599 930 3666 fabulae
946 3599 1084 3666 fortasse
1100 3598 1244 3666 eiusdem
1264 3596 1408 3664 Cornelii
1424 3599 1608 3667 Alexandri
1616 3599 1653 3683 ⁸),
1677 3605 1764 3665 certe

429 3705 572 3772 eiusdem
596 3706 723 3790 generis
739 3706 917 3790 nugatorie,
941 3706 1095 3784 creditur,
1118 3726 1184 3789 qua
1198 3704 1349 3788 Euganei
1371 3724 1505 3787 prorsus
1527 3706 1637 3791 inepte
1655 3727 1677 3771 a
1690 3725 1766 3772 voce

426 3808 559 3899 εὐγενής
583 3811 796 3880 deducuntur.
842 3832 862 3876 a
884 3811 1042 3895 periegesi
1061 3817 1172 3876 autem
1195 3831 1235 3876 ea
1257 3831 1341 3896 quae
1363 3809 1405 3875 de
1421 3811 1559 3896 Alpium
1581 3812 1696 3878 incolis
1718 3833 1767 3878 re·

429 3921 587 4001 feruntur,
612 3924 783 4004 propterea
805 3918 1007 4003 potissimum
1041 3917 1156 4002 procul
1184 3916 1336 3984 habenda
1367 3924 1454 3999 sunt,
1489 3917 1577 4002 quod
1610 3917 1767 3985 nonnulla

429 4032 621 4112 repetuntur
643 4026 708 4091 iam
730 4030 827 4089 antea
849 4023 996 4107 exposita
1018 4025 1049 4106 3,
1066 4026 1127 4107 473
1159 4023 1205 4088 sic
1229 4026 1341 4105 3,135
1368 4022 1477 4106 Tori⁴l
1500 4023 1667 4109 Liparibua
1689 4026 1765 4090 orti:

430 4135 461 4212 3,
478 4137 520 4203 47
544 4131 746 4217 Liparum..
768 4129 868 4212 Tar-ri,
893 4129 949 4195 ubi
972 4149 1036 4194 non
1059 4135 1128 4194 tam
1149 4128 1308 4196 diversam
1330 4128 1467 4196 formam
1487 4152 1586 4215 quam
1607 4131 1766 4197 diversam

429 4261 499 4306 rem
521 4239 618 4305 velim
645 4235 900 4304 animadvertas:
929 4236 963 4300 in
989 4234 1148 4320 periegesi
1178 4236 1263 4301 enim
1284 4235 1384 4302 Purri
1417 4237 1505 4302 inter
1527 4235 1665 4320 Ligures
1693 4257 1766 4321 per-

539 4488 558 4556 l)
578 4485 613 4540 de
630 4485 684 4540 hac
702 4482 859 4539 Detleiseni
879 4483 1009 4554 (itemque
1028 4483 1062 4536 de
1082 4481 1223 4553 salmasii)
1240 4483 1400 4536 coniectura
1418 4481 1516 4536 dubito
1535 4497 1619 4550 qnam
1636 4482 1765 4539 maxime.

429 4593 480 4631 nec
500 4575 641 4630 sufficiunt
658 4590 728 4643 quae
746 4572 846 4641 reliqui
864 4573 1092 4642 excogitaverunt
1110 4571 1157 4641 (oi.
1176 4570 1267 4641 Silligi
1290 4573 1377 4642 nota).
1414 4570 1532 4626 fortasse
1555 4574 1621 4625 ante
1638 4572 1684 4626 rel
1701 4575 1765 4640 post

428 4663 534 4720 credere
571 4663 692 4718 auctoris
711 4679 812 4717 nornen
830 4663 921 4731 periit,
941 4677 964 4716 e.
978 4680 1003 4733 g.
1021 4660 1233 4732 <Catonem>.

538 4749 614 4822 ⁸)ol.
635 4765 719 4818 snpra
736 4767 765 4819 p.
786 4751 868 4818 slsq.
905 4753 1027 4804 ceterum
1045 4765 1109 4803 cnm
1131 4747 1235 4803 verbis:
1258 4746 1307 4802 abi
1329 4745 1508 4802 Germaniam
1534 4747 1569 4803 ab
1592 4747 1682 4805 Italia
1703 4749 1765 4810 areb·

428 4842 538 4895 moveat
553 4841 588 4894 ol.
607 4837 789 4899 noioeane
807 4836 857 4893 abi
875 4836 1054 4892 emeliam
1072 4834 1233 4906 adimerent
1250 4834 1371 4906 (Alpes).

538 4929 559 5000 ³)
589 4926 644 4982 hoo
673 4941 729 4978 non
760 4924 819 4979 sine
848 4923 1054 4995 probabilitatis
1084 4923 1177 4993 specie
1207 4921 1385 4978 Detleisenns
1415 4922 1534 4980 coniecit
1560 4922 1766 4996 Brrcbreibarsp

428 5014 549 5072 Italicas
567 5018 619 5071 etc.
640 5015 708 5072 1901
728 5031 756 5084 p.
769 5015 814 5072 38.

537 5107 561 5176 ⁴)
580 5104 745 5160 denomino
764 5103 799 5160 ci.
819 5102 972 5160 liommsen
991 5101 1062 5157 orn.
1082 5102 1109 5160 V
1127 5120 1154 5172 p.
1168 5104 1229 5160 306.
