4275 6025
1027 658 1089 722 167

390 895 463 938 nem
486 877 518 952 3,
531 877 574 943 87
596 874 673 936 iuter
694 893 724 936 11
745 880 843 933 auam
863 869 933 932 1111
946 870 1163 954 promunturio
1178 878 1204 931 11
1220 867 1316 930 latera
1333 886 1400 949 eqs.
1416 885 1499 949 qnae
1513 863 1612 930 verba
1628 883 1727 949 supra

388 1003 420 1064 p.
445 983 487 1050 55
511 979 738 1063 expedivimus.

500 1085 556 1150 sed
589 1091 721 1170 praeter
742 1082 880 1149 -indioes
919 1082 1080 1148 censorios
1118 1080 1219 1146 alium
1258 1100 1387 1165 quoque
1424 1079 1614 1164 scriptorem
1652 1100 1726 1145 oum

387 1193 544 1278 periegesi
575 1212 645 1257 esse
671 1191 877 1256 coniunctum
900 1187 1040 1254 dilucide
1063 1196 1207 1271 apparet.
1254 1207 1327 1250 nam
1352 1185 1431 1248 11111
1455 1184 1592 1270 Lorpmu
1615 1189 1725 1262 5104

387 1298 472 1363 idern
495 1304 546 1364 est
568 1305 667 1384 atque
690 1297 838 1380 oppidum
852 1293 1023 1379 Larymna.
1068 1292 1130 1357 hoc
1152 1297 1262 1356 autem
1284 1311 1399 1356 nomeu
1414 1310 1487 1354 cum
1503 1292 1622 1356 collato
1638 1290 1725 1357 Mela

388 1409 419 1484 1,
433 1406 476 1472 81
498 1402 541 1467 nd
563 1404 743 1487 periegecin
766 1408 913 1486 spectare
936 1400 1072 1478 eluceat,
1096 1398 1152 1464 illo
1175 1404 1290 1482 utpote
1313 1399 1438 1481 graecis
1452 1399 1573 1464 usitato
1588 1419 1723 1480 graecus

387 1509 587 1592 significetur
615 1516 740 1588 auctor,
771 1509 815 1575 ad
847 1507 1011 1573 Isidorum
1042 1505 1241 1589 delegamur,
1277 1524 1372 1588 quem
1407 1524 1481 1568 cum
1513 1505 1670 1588 periegesi
1702 1526 1724 1571 a

386 1613 495 1681 Plinio
526 1616 784 1700 conglutinatum
816 1637 886 1681 esse
917 1614 991 1698 plus
1019 1614 1117 1679 semel
1139 1613 1385 1679 observavimus*
1402 1612 1436 1677 iu
1460 1612 1505 1676 eis
1528 1633 1612 1696 quae
1634 1617 1724 1678 ante·

386 1721 514 1790 cedunt.

495 1831 604 1905 5107
635 1849 747 1893 rursus
778 1827 1059 1894 contaminationis
1090 1825 1245 1891 indicium
1276 1825 1379 1894 adest.
1433 1824 1605 1890 Euthenae
1638 1825 1722 1890 enim

383 1934 536 2017 oppidum
553 1933 671 2000 Cariae
695 1936 744 2000 bis
760 1940 1055 2000 commemoratur:
1068 1932 1199 1996 Doridis
1214 1935 1246 1996 io
1262 1934 1330 1995 1111
1346 1931 1523 2018 Leucopetra
1538 1930 1723 1996 Hamaxitos

383 2040 475 2103 Eleu-a
508 2038 645 2105 Eutene
658 2042 690 2126 ¹).
747 2043 817 2104 11111
849 2037 956 2104 Carice
989 2041 1103 2125 oppidu
1137 2039 1277 2102 Pitaium
1310 2038 1452 2102 Entane
1489 2037 1719 2102 Halicarnasus.

383 2145 464 2210 haec
493 2145 597 2211 forma
629 2148 730 2213 latino
763 2147 910 2224 debetur,
940 2149 973 2212 id
998 2146 1084 2231 quod
1116 2168 1156 2212 ex
1178 2145 1270 2211 Mela
1293 2145 1449 2211 efficimus
1474 2153 1503 2230 1,
1517 2150 1560 2214 84
1583 2146 1719 2212 Entonc.

383 2255 461 2318 item
483 2252 628 2320 Glaucus
651 2256 755 2320 amnis
779 2258 889 2335 5108
912 2256 978 2320 iam
1002 2258 1111 2338 5103
1134 2255 1316 2320 nominatus
1340 2259 1398 2322 est.

494 2369 563 2425 tum
586 2362 800 2428 additamenti
823 2362 893 2428 loco
915 2362 1094 2427 adhaerent
1117 2365 1225 2440 5,109
1249 2360 1362 2426 verba:
1385 2369 1540 2444 praetereo
1562 2369 1632 2422 1111
1658 2365 1718 2426 etc.

382 2452 427 2530 id'
441 2465 528 2549 quod
550 2489 623 2534 cum
645 2471 724 2552 ipsis
738 2471 847 2535 verbis
863 2469 1038 2534 indicatum
1054 2475 1113 2550 est,
1135 2475 1205 2534 tum
1221 2491 1258 2534 eo
1273 2469 1477 2552 cognoscitur
1492 2467 1575 2551 quod
1591 2465 1721 2550 Pyrrhe

381 2610 426 2620 -
449 2574 547 2638 sitnm
570 2583 619 2639 est
634 2583 744 2640 autem
759 2578 792 2641 in
808 2597 867 2642 ora
882 2615 925 2624 —
941 2577 969 2640 si
984 2577 1187 2659 periegeseos
1202 2575 1388 2640 divisionem
1404 2574 1569 2657 sequimur
1585 2574 1719 2658 (5112)

380 2678 422 2742 ad
444 2680 569 2745 Ioniam
591 2683 745 2765 pertinet.

491 2785 578 2851 idem
606 2788 693 2852 11111
725 2788 766 2853 de
789 2788 958 2869 Heraclea,
984 2809 1068 2873 quae
1092 2792 1200 2870 5,113
1224 2788 1258 2852 11
1281 2787 1439 2872 periegesi
1461 2787 1627 2870 repetitur.
1674 2783 1717 2850 ad

380 2891 553 2958 laterculos
575 2914 652 2958 vero
675 2895 846 2977 quominus
869 2895 963 2960 illam.
982 2896 1098 2959 seriem
1121 2893 1308 2972 referamus,
1334 2900 1367 2959 11
1383 2892 1495 2958 ordine
1511 2892 1717 2958 elementario

378 3022 537 3085 nusquam
574 3000 745 3083 conspicuo
776 3006 809 3066 et
840 3002 965 3086 graecis
996 3002 1107 3068 formis
1140 3001 1347 3087 impedimur:
1383 3000 1537 3085 Thydonos
1569 2997 1716 3083 Hyoidoo,

379 3105 532 3189 quicquid
555 3107 617 3172 hoc
638 3108 766 3173 nomine
786 3109 876 3179 latet.
922 3130 961 3173 ac
976 3131 1017 3174 ne
1032 3108 1194 3174 libertatis
1211 3108 1342 3193 quidem
1357 3110 1521 3173 notionem
1537 3112 1658 3170 temere
1673 3106 1717 3172 ad

379 3206 433 3275 eoa
456 3211 626 3280 trahimus.
673 3211 881 3279 Stratonicea
904 3215 987 3279 enim
1012 3214 1116 3280 libera
1139 3236 1179 3279 ex
1201 3214 1323 3280 tabulis
1340 3218 1368 3296 5,
1385 3218 1446 3283 105
1464 3219 1715 3279 commemorata

378 3322 440 3381 est:
474 3323 525 3382 111
556 3319 641 3383 enirn
672 3321 785 3385 eadem
809 3320 885 3386 urbs
909 3320 1072 3386 Laodicea
1094 3320 1136 3386 ad
1159 3320 1295 3406 Lycum.
1342 3342 1414 3386 cum
1438 3338 1512 3385 vero
1535 3322 1643 3401 5,105
1668 3324 1716 3386 ta-

380 3421 473 3487 bulas
497 3445 536 3488 ex
558 3426 717 3508 periegesi
739 3432 850 3491 auctas
875 3447 943 3491 esse
965 3427 1184 3509 statuerimus,
1209 3425 1348 3492 hicnon
1372 3426 1440 3490 eius
1464 3432 1579 3491 auctor
1594 3428 1712 3510 subest,

377 3528 411 3593 id
443 3529 530 3612 quod
561 3530 640 3613 ipsis
662 3531 767 3597 verbis
785 3544 943 3619 proetmo
971 3545 1041 3595 aunt
1073 3533 1244 3614 indicatur,
1277 3533 1334 3599 sed
1364 3534 1480 3599 tertius
1509 3533 1574 3615 1111,
1602 3555 1714 3620 nempe

377 3633 532 3701 Isidorus.

489 3746 601 3808 contra
624 3746 732 3825 5,109
756 3765 840 3828 quae
863 3744 904 3811 de
926 3753 1086 3811 conventu
1110 3744 1333 3811 Alabandensi
1356 3749 1496 3823 exstant,
1521 3766 1584 3810 uon
1607 3747 1712 3811 miuus

377 3847 544 3913 laterculis
567 3850 721 3914 censoriis
744 3850 912 3930 debentur,
936 3874 1034 3936 quam
1058 3855 1179 3933 5,111.
1227 3872 1307 3936 quos
1329 3851 1363 3916 in
1380 3850 1485 3944 Lydia
1501 3849 1714 3918 describenda

376 3973 450 4018 cum
479 3954 546 4019 alia
575 3955 791 4040 descriptione
822 3960 1008 4025 coniunctos
1032 3980 1102 4024 esee
1124 3959 1200 4023 inde
1224 3959 1329 4024 elucet
1352 3958 1439 4041 quod
1462 3956 1496 4021 in
1519 3958 1565 4023 eis
1591 3958 1712 4021 Maroti-

376 4060 531 4146 molitccl)
560 4062 776 4143 inveniuntur,
807 4065 841 4129 in
870 4065 928 4131 illa
959 4064 1092 4132 Tmolus
1125 4065 1244 4130 dicitur
1273 4083 1374 4139 mons,
1407 4062 1459 4127 cui
1488 4084 1548 4146 pro
1573 4063 1711 4148 pristino

376 4166 504 4231 nomine
530 4168 661 4232 Tiowlne
683 4170 788 4235 forma
810 4170 952 4238 additur.

486 4297 588 4341 unum
617 4298 694 4341 sane
723 4278 842 4342 mirum
865 4285 915 4343 est
943 4278 982 4342 de
1006 4277 1112 4362 Lydia
1141 4278 1204 4361 agi,
1236 4282 1411 4361 autequam
1438 4277 1542 4358 Ionia,
1571 4296 1652 4361 quae
1680 4276 1711 4341 11

374 4382 546 4464 praeiacet,
562 4389 764 4467 pertractata
779 4391 837 4450 est.
875 4384 962 4468 quod
978 4406 1052 4449 cum
1066 4406 1086 4449 a
1101 4404 1191 4450 more
1206 4384 1405 4467 periegeseos
1421 4382 1604 4465 abhorreat,
1622 4382 1711 4448 haud

374 4487 441 4551 scio
463 4508 505 4552 an
528 4492 670 4556 conversi
694 4490 816 4556 ordinis
839 4492 892 4556 hic
915 4512 1045 4575 quoque
1068 4491 1239 4574 vestigium
1263 4488 1498 4574 agnoscendum
1524 4491 1577 4557 sit.
1625 4488 1708 4555 adde

367 4593 463 4676 -quod
484 4597 566 4662 situs
589 4598 657 4662 eius
680 4602 787 4663 terrae
803 4597 980 4663 Maeandro
1003 4618 1097 4663 amne
1119 4597 1291 4677 indicatur,
1313 4596 1354 4661 de
1369 4617 1433 4681 quo
1448 4601 1563 4681 postea
1579 4596 1709 4662 demum

374 4703 483 4781 5,113
515 4704 633 4785 agitur.
688 4726 771 4787 quae
803 4704 938 4771 offensio
969 4705 998 4769 si
1027 4704 1115 4769 insta
1146 4709 1206 4790 est,
1227 4702 1350 4787 Lydiae
1382 4704 1556 4787 descriptio
1579 4725 1642 4768 non
1665 4702 1708 4769 ad

380 4808 587 4819 *-

483 4860 504 4930 ¹)
522 4860 562 4915 ric
588 4863 662 4916 enim
689 4863 786 4932 utique
809 4880 871 4919 curn
898 4861 1006 4933 Silligio
1035 4861 1185 4918 secundum
1212 4861 1356 4916 meliorem
1383 4862 1519 4917 librorum
1544 4859 1706 4914 memoriam

372 4945 473 5018 (E2R2)
491 4948 665 5004 scribendum
684 4955 734 5006 est.

481 5037 502 5105 ²)
521 5036 562 5090 sic
579 5035 710 5091 01111111
729 5037 800 5093 1890
818 5054 845 5105 p.
864 5036 915 5092 191
935 5040 1010 5090 recte
1029 5053 1092 5090 oum
1109 5035 1147 5090 n²
1166 5036 1241 5107 legit.
