4275 6025
1045 717 1110 782 135

402 927 538 1013 abipso
562 928 679 995 lectum
703 950 740 994 ac
770 928 969 1014 descriptum
996 934 1114 1015 putare
1122 931 1160 1017 1).
1207 937 1316 997 tamen
1346 952 1387 997 ex
1419 931 1576 1016 scriptore
1606 930 1748 1016 quodam
1844 1003 1852 1022 .

401 1054 477 1099 eum
501 1041 665 1119 sumptum
687 1041 859 1118 propterea
882 1036 1027 1120 suspicor
1050 1037 1136 1121 quod
1157 1036 1294 1103 additur
1316 1040 1426 1113 3137
1450 1060 1512 1101 non
1533 1049 1604 1101 enne
1617 1040 1749 1103 mindae

404 1139 561 1205 Cottianae
583 1143 710 1205 1111111111
732 1140 803 1204 XV
824 1164 900 1226 qnae
922 1165 982 1207 non
997 1143 1128 1229 ficerunt
1148 1144 1273 1218 boantes,
1297 1147 1368 1209 item
1390 1145 1548 1209 attributae
1578 1145 1747 1230 munnspiis

401 1247 466 1330 tepe
492 1246 652 1332 Pompeia.
697 1268 762 1315 non
794 1250 878 1313 enim
909 1248 989 1315 adeo
1019 1248 1150 1315 doctum
1179 1248 1280 1316 luisse
1302 1249 1446 1316 Plinium
1476 1250 1557 1315 mihi
1586 1251 1744 1334 persuasi,

403 1358 442 1417 ut
465 1353 545 1419 haec
568 1354 608 1419 de
632 1374 690 1420 suo
713 1361 886 1438 promeret.
929 1354 986 1420 sed
1009 1356 1076 1421 sive
1098 1356 1167 1440 ipse
1182 1354 1311 1423 Plinius
1332 1355 1466 1422 titulum
1488 1356 1660 1440 descripsit
1680 1356 1747 1421 sire

401 1458 446 1524 ab
469 1460 533 1525 alio
556 1461 687 1546 accepit,
712 1462 869 1528 insertum
885 1482 954 1529 esse
974 1482 1048 1527 eum
1063 1464 1098 1528 in
1112 1463 1301 1547 periegesin,
1327 1462 1407 1529 satis
1422 1462 1563 1528 dilucide
1577 1462 1745 1531 iudicavit.

515 1568 581 1633 iam
604 1568 645 1634 de
668 1571 697 1650 3,
712 1566 887 1638 nst-149
910 1569 1075 1652 agendum
1090 1576 1147 1650 est,
1172 1590 1237 1653 quo
1260 1568 1330 1635 loco
1345 1568 1504 1635 Noricum
1528 1573 1562 1633 et
1576 1567 1747 1635 Pannonia

401 1671 638 1743 describuntur.
684 1675 736 1741 hie
769 1677 873 1741 multa
896 1681 972 1742 sunt
1005 1678 1192 1743 recentioris
1227 1678 1370 1762 originis,
1401 1698 1486 1762 qnae
1518 1697 1583 1760 quo
1614 1683 1747 1743 auctore

402 1777 529 1845 Plinius
551 1778 723 1861 addiderit,
749 1801 813 1846 aon
837 1781 983 1865 expedio.
1030 1782 1087 1848 sed
1111 1789 1331 1868 campartem
1354 1783 1397 1849 ab
1416 1784 1488 1867 ipsa
1502 1784 1661 1867 periegesi
1676 1804 1746 1851 esse

401 1884 552 1967 alienam,
576 1887 795 1970 compluribus
819 1889 924 1954 causis
954 1890 1159 1973 perspicitur.
1206 1910 1244 1955 ac
1275 1890 1417 1973 primum
1449 1890 1580 1973 quidem
1610 1889 1746 1956 alterius

400 1991 491 2057 sinus
516 1992 729 2078 descriptione
749 1999 882 2078 peracta
903 1994 979 2059 illae
993 2000 1101 2060 terrae
1116 1995 1301 2080 appendicis
1316 1995 1384 2061 vice
1399 1995 1632 2079 adiunguntur.
1659 1996 1746 2063 'dein

402 2096 517 2164 Norici
539 2100 605 2165 iam
627 2102 736 2181 3,133
760 2121 824 2167 111
846 2123 918 2167 cum
941 2100 1055 2167 Raetis
1079 2102 1268 2176 commorati
1291 2100 1744 2185 111111Ρ11111113,147

400 2205 496 2287 quasi
518 2226 595 2288 pars
612 2204 737 2290 Illyrici
760 2213 945 2288 enarratum
970 2208 1160 2292 ampliorem
1183 2208 1284 2292 igitur
1306 2208 1504 2292 provinciam
1519 2208 1676 2275 habemus
1692 2208 1745 2276 hic

401 2331 499 2394 quam
522 2312 556 2375 in
578 2312 744 2396 periegesi.
790 2313 929 2397 denique
953 2317 1061 2392 3,149
1085 2313 1274 2380 Pannoniae
1296 2314 1452 2380 Moesiam
1482 2314 1574 2400 iungi
1596 2316 1744 2399 legimus.

400 2437 484 2500 quae
505 2419 671 2502 provincia
693 2424 723 2499 4,
740 2424 783 2488 44
807 2419 946 2486 debebat
969 2422 1221 2498 commemorari,
1245 2420 1301 2486 sed
1324 2420 1371 2486 ibi
1387 2419 1562 2489 Thraciam
1583 2444 1688 2507 usque
1702 2424 1745 2490 ed

403 2524 556 2591 Histrum
578 2525 717 2610 proferri
740 2528 894 2594 videmus.
926 2550 964 2594 ac
980 2550 1019 2594 ne
1035 2527 1185 2613 Agrippa
1207 2529 1338 2611 quidem
1362 2529 1432 2594 eius
1447 2528 1640 2595 mentionem
1656 2527 1743 2610 iecit,

329 2658 332 2663 ’
399 2631 459 2715 qui
481 2652 522 2696 11
543 2632 613 2717 ipse
635 2634 766 2717 quidem
788 2634 945 2701 Moesiam
969 2636 1115 2720 agnovit:
1140 2634 1181 2700 of.
1198 2634 1272 2701 Div.
1297 2633 1367 2700 orb.
1393 2637 1435 2703 13
1451 2634 1630 2698 Macedonio
1648 2634 1744 2697 Thra-

337 2756 340 2762 *
398 2737 447 2799 oie
473 2735 683 2822 Hellespontia
714 2750 741 2803 et
760 2763 840 2826 pars
867 2742 1032 2805 sinisterior
1061 2741 1153 2804 Ponti
1182 2740 1237 2805 tae
1264 2742 1419 2829 finiuntur
1435 2788 1469 2806 ..
1502 2764 1522 2803 e
1551 2742 1745 2825 septentrione

393 2842 528 2928 flumine
549 2843 665 2912 Histro.
712 2846 863 2912 cohaeret
886 2847 1064 2913 secundum
1087 2847 1222 2913 eundem
1245 2846 1298 2929 (of.
1322 2847 1401 2917 ibid.
1427 2852 1485 2931 14)
1507 2847 1622 2913 Dacia.

512 2952 640 3020 Plinius
662 2975 738 3022 vero
761 2976 826 3022 nou
841 2955 949 3040 potuit
964 2954 1036 3022 illas
1052 2958 1158 3020 terras
1173 2954 1334 3037 omittere,
1351 2975 1436 3039 quae
1451 2955 1520 3022 eius
1535 2958 1643 3022 aetate
1657 2954 1745 3021 inter

399 3060 615 3144 amplissimas
630 3062 757 3146 imperii
771 3060 912 3128 Romani
927 3062 1106 3146 provincias
1126 3066 1229 3127 erant.
1266 3061 1380 3145 itaque
1402 3059 1446 3126 ad
1462 3060 1563 3127 alium
1577 3065 1743 3126 auctorem

398 3165 544 3249 confugit
566 3188 705 3251 eumque
727 3168 990 3237 recentissimum.
1030 3188 1107 3233 nam
1133 3168 1254 3252 oppida
1276 3189 1298 3232 a
1320 3166 1459 3235 claudio
1482 3172 1515 3233 et
1538 3165 1741 3250 Vespasiano

396 3272 530 3338 condita
552 3279 691 3339 exstant.
738 3275 795 3340 sed
816 3281 889 3341 tota
911 3274 968 3340 illa
991 3275 1165 3359 descriptio
1188 3281 1282 3340 extra
1303 3275 1485 3359 periegesin
1501 3271 1739 3358 quodammodo

396 3379 557 3446 collocata
578 3386 635 3447 est.

511 3487 613 3553 currit
635 3487 750 3553 deinde
773 3489 947 3573 periegesis
969 3510 1073 3573 usque
1096 3489 1140 3555 ad
1162 3489 1253 3555 tertii
1273 3489 1361 3554 11111
1384 3486 1491 3567 finem,
1515 3487 1564 3552 ita
1579 3491 1687 3552 tamen
1703 3491 1742 3553 ut

396 3592 538 3658 Thracia
560 3614 626 3659 non
649 3593 828 3675 divellatur,
853 3594 911 3660 111
934 3594 1019 3660 sicut
1039 3594 1138 3660 etiam
1156 3596 1190 3659 in
1206 3594 1340 3660 Baetica
1354 3591 1476 3658 iactum
1492 3599 1552 3675 est,
1575 3592 1742 3658 orientalis

396 3719 528 3784 quoque
550 3699 620 3765 eius
643 3704 750 3766 terrae
773 3721 830 3766 ora
852 3722 918 3767 una
940 3722 1013 3767 cum
1036 3699 1251 3788 meridionali,
1276 3721 1356 3783 quae
1379 3721 1400 3765 a
1422 3699 1614 3765 Macedonia
1637 3719 1741 3784 nsque

397 3806 443 3872 11
457 3805 710 3890 Hellespontum
725 3807 878 3891 pertinet,
902 3813 1070 3873 tractetur.
1108 3805 1284 3872 Thraciam
1299 3811 1410 3871 autem
1425 3803 1602 3871 secundum
1617 3805 1739 3889 Agrip-

398 3933 474 3997 pam
498 3914 543 3979 sic
566 3913 785 3980 circumscribi
808 3936 848 3980 ex
871 3914 973 3981 Divis.
997 3913 1066 3980 orb.
1093 3916 1134 3983 13
1157 3917 1302 3997 apparet
1349 3917 1420 3977 tum
1449 3915 1482 3990 4,
1495 3912 1537 3979 79
1567 3909 1739 3994 usquead

396 4021 482 4086 ostia
496 4019 606 4085 Histri
620 4020 816 4104 proceditur,
841 4022 993 4106 aquibus
1009 4020 1139 4086 Plinius
1161 4025 1194 4097 4,
1206 4022 1249 4089 82
1265 4019 1371 4085 11111
1390 4015 1615 4102 proficiscitur.
1654 4037 1739 4102 quae

394 4129 549 4194 continua
571 4127 747 4212 descriptio
771 4127 897 4194 duabus
919 4127 1133 4213 paragraphis
1156 4126 1357 4212 interpositis
1372 4123 1630 4206 interrumpitur.
1665 4121 1741 4189 hinc

397 4239 430 4313 4,
443 4237 495 4303 80.
520 4237 561 4303 81
588 4232 705 4318 quibus
728 4232 807 4299 ordo
829 4233 990 4312 turbatur,
1015 4232 1146 4298 aliunde
1169 4253 1239 4298 asse
1261 4231 1390 4297 additas
1419 4229 1571 4314 proclivis
1598 4230 1740 4315 suspicio

395 4346 455 4406 est.
503 4361 587 4425 quae
610 4340 738 4423 egregie
761 4339 1012 4421 confirmabitur,
1036 4339 1095 4404 ubi
1118 4359 1170 4405 res
1192 4338 1478 4407 observaverimus.

508 4468 584 4512 nam
599 4446 775 4510 Pannonica
807 4446 929 4510 hiberna
954 4443 1103 4510 Carnunti
1132 4466 1191 4511 uec
1215 4445 1359 4514 Varroni
1389 4464 1449 4510 uec
1479 4442 1632 4528 Agrippa
1662 4447 1743 4509 nota

396 4574 466 4620 esse
489 4558 649 4637 poterant.
697 4550 902 4619 Carnuntum
932 4552 1018 4616 enim
1047 4551 1190 4634 primum
1221 4550 1308 4634 apud
1330 4548 1417 4617 Vell.
1442 4551 1602 4631 2,109,3
1636 4547 1741 4614 nomi·

397 4665 506 4724 natur:
538 4680 558 4720 c
582 4655 733 4722 Carnunto
756 4658 810 4742 qui
840 4657 919 4720 lones
942 4654 1051 4718 Norici
1081 4655 1168 4739 repni
1193 4656 1354 4740 prosimus
1383 4655 1423 4718 ab
1454 4654 1513 4719 bac
1540 4666 1627 4742 parte
1658 4653 1738 4741 (scil.

397 4763 598 4849 Boiohaemi)
623 4773 696 4847 not,
720 4762 776 4828 ubi
799 4760 840 4828 de
862 4761 958 4827 rebus
974 4781 1059 4826 auno
1074 4782 1106 4845 p.
1124 4757 1241 4831 01116
1261 4761 1360 4844 gestis
1376 4761 1498 4843 agitur.
1533 4760 1617 4844 legio
1630 4764 1740 4825 autem

394 4890 437 4935 ex
460 4890 523 4954 quo
545 4875 690 4954 tempore
713 4869 834 4935 stativa
855 4866 902 4934 ibi
924 4867 1083 4949 habuerit,
1108 4888 1173 4933 uon
1195 4867 1275 4933 satis
1297 4865 1414 4951 liquet.
1460 4865 1535 4932 inde
1557 4888 1578 4932 a
1602 4865 1740 4934 Claudio

506 5099 526 5167 ¹)
546 5113 568 5153 e.
588 5113 616 5167 g.
636 5098 795 5154 1111111111
811 5095 831 5150 l.
851 5095 869 5152 l.
888 5109 915 5164 p.
935 5095 1069 5150 399111.
