4275 6025
1048 728 1112 793 110

410 935 591 1005 Sallentino
621 939 846 1023 promunturio
877 943 1082 1024 computatus
1104 938 1156 1015 sit,
1179 959 1244 1005 non
1267 937 1382 1031 dubito
1403 938 1455 1005 vel
1477 946 1610 1026 propter
1632 938 1750 1006 falsmn

411 1049 443 1129 3,
456 1047 499 1116 97
514 1066 709 1115 mensuram.
735 1045 905 1132 Agrippae
920 1046 1022 1131 igitur
1041 1046 1236 1113 sententiam
1252 1065 1325 1111 cum
1337 1044 1544 1114 Varronisna
1555 1047 1750 1130 coniungere

410 1157 545 1217 conatus
569 1159 620 1217 est
641 1151 769 1219 Plinius
792 1159 826 1218 et
841 1153 903 1219 hoc
922 1154 993 1219 loco
1009 1157 1042 1219 et
1058 1152 1112 1235 eis,
1137 1152 1179 1219 de
1194 1150 1311 1237 quibus
1326 1151 1423 1219 modo
1438 1153 1570 1237 egimus.
1609 1153 1747 1220 similem

410 1263 520 1325 antem
543 1260 849 1327 contaminationem
861 1281 920 1326 nos
936 1280 1035 1343 snpra
1051 1264 1082 1340 3,
1096 1263 1170 1344 3sq.
1194 1264 1228 1325 et
1243 1261 1274 1338 3,
1287 1262 1329 1329 87
1346 1262 1573 1345 (promunturia
1588 1284 1624 1325 ae
1639 1260 1749 1343 latae)

410 1364 569 1431 detexisse
591 1364 729 1431 forsitan
751 1364 804 1432 hic
827 1364 1000 1433 admonere
1023 1364 1112 1432 haud
1136 1386 1407 1450 supervacaneum
1431 1367 1483 1433 sit.
1560 1373 1562 1377 “

517 1475 615 1556 atque
647 1471 687 1538 de
719 1473 823 1539 altero
847 1473 976 1558 quidem
1000 1474 1073 1539 sinu
1101 1472 1190 1542 baec.
1222 1472 1263 1538 de
1286 1472 1383 1538 tertio
1406 1478 1439 1538 et
1462 1479 1581 1557 quarto
1604 1473 1677 1539 sinu
1699 1474 1748 1538 nil

412 1583 462 1644 est
485 1578 572 1663 quod
595 1600 792 1663 moneamus,
816 1587 988 1666 propterea
1010 1578 1097 1665 quod
1113 1578 1239 1645 Plinius
1262 1579 1296 1645 in
1319 1579 1366 1645 sis
1380 1580 1428 1645 nil
1442 1579 1572 1646 ridetur
1586 1601 1746 1665 peccasse.

408 1684 530 1751 insulas
562 1690 671 1752 autem
701 1687 743 1753 ab
774 1688 846 1771 ipso
877 1685 986 1753 Plinio
1017 1685 1061 1752 ad
1091 1706 1166 1751 suos
1195 1685 1285 1751 siuns
1315 1685 1435 1752 relatas
1467 1707 1537 1752 esse
1559 1707 1659 1771 supra
1680 1686 1746 1752 iem

410 1790 547 1857 vidimus
556 1792 591 1879 ¹).
637 1798 763 1859 restant
786 1794 899 1871 maria,
925 1813 1009 1877 quae
1033 1813 1107 1858 cnm
1122 1792 1187 1858 illis
1201 1792 1326 1859 sinibus
1340 1794 1413 1859 arte
1428 1813 1551 1858 conexa
1566 1799 1643 1859 eunt
1657 1791 1746 1878 apud

408 1896 562 1963 Plinium.
595 1920 670 1965 nam
686 1900 775 1965 sinus
799 1899 936 1966 alicuius
959 1899 1175 1984 descriptione
1197 1898 1241 1964 ad
1263 1895 1361 1964 finem
1379 1898 1548 1982 perducta,
1571 1903 1746 1982 antequam

407 2003 531 2069 insulas
552 2010 685 2085 tractat,
718 2004 759 2071 ds
787 2006 931 2072 maribus
954 2026 1049 2089 agere
1079 2005 1171 2075 solet.
1217 2003 1386 2071 husonum
1409 2025 1483 2071 cum
1506 2005 1747 2090 quadripertita

409 2130 484 2175 orne
508 2109 664 2177 divisione
686 2112 831 2179 Plinium
861 2134 882 2178 a
904 2110 1053 2180 Varrone
1086 2112 1259 2196 sumpsisse
1281 2110 1490 2177 Detlelsenus
1516 2112 1538 2177 l.
1563 2112 1585 2177 l.
1608 2112 1744 2178 censuit.

408 2216 465 2282 sed
498 2216 578 2283 mihi
612 2238 704 2285 secus
739 2219 878 2287 videtur.
909 2240 985 2285 nam
1015 2240 1213 2303 quamquem
1243 2218 1277 2283 in
1307 2219 1492 2283 universum
1523 2218 1628 2283 maria
1657 2225 1747 2284 recte

408 2324 568 2409 disposuit
589 2324 725 2409 Plinius,
757 2332 867 2393 tamen
898 2346 963 2394 uno
996 2326 1067 2392 loco
1094 2325 1288 2410 perspicitur
1312 2325 1451 2390 marium
1473 2325 1681 2409 partitionem
1703 2323 1747 2389 ab

408 2432 479 2516 ipso
503 2432 545 2497 sd
568 2432 696 2499 sinuum
713 2433 958 2500 similitudinem
972 2431 1094 2499 factam
1110 2452 1190 2498 esse.
1221 2452 1325 2517 neque
1341 2432 1426 2497 euim
1441 2430 1482 2497 sd
1499 2431 1587 2497 sinus
1604 2429 1747 2515 quadrat

409 2539 548 2605 merium
577 2538 691 2606 divisio
724 2561 809 2624 quae
837 2539 925 2607 laeta
953 2545 1002 2605 est
1030 2542 1062 2617 3,
1080 2542 1122 2608 74
1145 2539 1178 2601 in
1205 2559 1238 2601 eo
1262 2537 1380 2621 (prium
1402 2537 1490 2624 sinu)
1512 2538 1613 2599 maria
1635 2559 1745 2599 nuncu·

408 2657 534 2733 portur,
558 2648 638 2711 unda
661 2648 810 2732 inrumpit
832 2646 1027 2719 Atlanticum,
1053 2646 1093 2709 ab
1115 2644 1184 2707 aliis
1205 2666 1358 2728 mapnum,
1382 2666 1444 2731 qua
1464 2644 1567 2713 intrat,
1583 2643 1745 2707 Porthmos

410 2774 429 2815 a
458 2750 591 2827 Graecis,
625 2778 644 2817 a
666 2755 749 2818 nobis
776 2752 966 2818 Gaditanum
981 2752 1107 2840 fretum,
1140 2775 1207 2815 cum
1233 2752 1366 2833 intrarit,
1390 2750 1576 2836 Hispanum,
1601 2762 1748 2836 quaoenus

408 2859 582 2947 Hispanias
605 2863 712 2940 adluit,
743 2861 782 2924 ab
805 2861 871 2925 aliis
894 2860 1072 2923 Hibericum
1103 2869 1155 2920 aut
1176 2858 1378 2932 Baliaricum,
1403 2880 1472 2921 moa
1498 2855 1649 2922 Gallicum
1677 2868 1746 2921 ante

408 2964 633 3034 Narbonensem
667 2968 865 3054 prouinciam,
897 2966 965 3030 bine
999 2964 1201 3052 Lipustieum,
1233 2964 1271 3028 ab
1301 2987 1336 3029 ro
1369 2967 1412 3029 ad
1441 2963 1581 3030 Siciliam
1613 2965 1745 3028 insulam

414 3074 551 3154 Tuscum,
586 3076 666 3160 quod
695 3097 730 3137 eor
756 3070 881 3137 Graecis
908 3073 964 3136 alii
986 3070 1112 3135 Notium
1141 3071 1197 3135 alii
1224 3071 1421 3156 Tyrrhenum,
1445 3093 1460 3135 e
1482 3074 1589 3135 nostris
1606 3071 1745 3157 plunimi

407 3180 539 3256 inferum
560 3190 672 3247 nocant.
720 3181 801 3244 ultra
815 3178 955 3242 Siciliam
977 3181 1058 3265 quod
1080 3189 1121 3242 est
1142 3179 1184 3241 nd
1198 3175 1388 3256 Sallentinos,
1411 3178 1581 3241 Ausonium
1603 3178 1744 3264 Polybius

406 3287 552 3373 appellat,
576 3286 782 3350 Erutomlcenes
814 3295 912 3348 autem
934 3287 1010 3348 inter
1032 3285 1139 3348 esbum
1162 3284 1264 3347 oceani
1289 3293 1317 3346 et
1338 3281 1517 3346 Sardiniam
1539 3286 1682 3371 quicquid
1703 3296 1745 3350 est

407 3393 571 3467 Serdourn,
595 3393 663 3456 inde
694 3393 736 3456 ad
757 3389 897 3455 Siciliam
923 3391 1103 3476 Tyrrenum,
1134 3390 1173 3453 ab
1196 3390 1252 3453 leae
1278 3387 1396 3453 Oretum
1419 3412 1513 3475 usque
1535 3388 1680 3466 Siculum,
1706 3392 1746 3456 ab

407 3521 442 3563 aa
467 3497 621 3563 Oreteam.
667 3499 719 3564 hio
748 3499 850 3582 igitur
881 3497 1010 3563 Plinius
1041 3497 1130 3563 ultre
1160 3498 1299 3582 primum
1330 3497 1434 3561 sinum
1461 3496 1556 3581 longe
1579 3504 1741 3580 evagetur.

407 3605 491 3672 adde
530 3604 618 3689 qnod
652 3611 764 3671 contra
797 3605 954 3671 rationem
989 3603 1079 3669 dicta
1112 3610 1206 3668 sunt:
1244 3604 1284 3666 in
1318 3625 1350 3665 eo
1383 3603 1484 3665 maria
1517 3615 1746 3689 nuncupantur,-

406 3734 513 3798 neqne
536 3713 621 3778 enim
643 3711 848 3778 Atlanticum
871 3729 960 3776 mare
984 3710 1027 3776 ad
1049 3711 1190 3794 primum
1220 3710 1325 3774 sinum
1347 3709 1497 3793 pertinet.
1541 3708 1679 3794 denique
1703 3732 1743 3774 ne

405 3822 466 3888 hoo
496 3818 627 3904 quidem
656 3819 755 3905 plane
784 3816 1017 3901 neglegendum
1050 3824 1099 3882 est
1130 3816 1217 3901 apud
1249 3815 1369 3881 Melam
1398 3816 1517 3881 similia
1539 3822 1650 3881 extare
1674 3819 1742 3898 nt

407 3930 499 3995 iuxta
519 3950 557 3995 ea
572 3949 656 4014 quae
671 3948 772 4012 supra
787 3949 861 3993 cum
877 3925 966 3992 Plini
981 3928 1011 4004 3,
1027 3929 1046 3994 3
1063 3923 1327 4008 comparavimus.
1356 3923 1413 3989 ubi
1428 3922 1556 3988 Plinius
1572 3923 1742 4008 Agrippae

405 4035 505 4101 verbe
527 4055 597 4100 oum
620 4033 685 4099 alio
708 4038 841 4099 auctore
865 4031 1105 4111 contaminavit,
1124 4030 1181 4112 qui
1196 4028 1303 4094 Melae
1317 4049 1447 4112 quoqne
1462 4029 1566 4094 multa
1580 4030 1743 4114 praebuit.

405 4143 515 4226 itaque
539 4141 578 4206 ds
594 4139 801 4208 Varroniano
823 4137 912 4203 illius
927 4137 992 4201 loci
1008 4134 1132 4219 origine
1148 4133 1299 4199 dubitare
1315 4155 1379 4199 uon
1396 4135 1528 4200 licet-
1545 4134 1595 4200 vel
1610 4143 1743 4219 propter

405 4246 575 4330 Polybium
591 4251 624 4312 et
640 4245 890 4312 Eratosthenem
906 4249 1055 4310 auctores
1075 4279 1130 4326 -,
1153 4246 1262 4318 tamen
1278 4241 1344 4307 alio
1359 4247 1457 4325 atque
1471 4240 1615 4307 Plinium
1630 4242 1744 4309 ordine

406 4375 480 4420 eum
503 4353 607 4418 maria
629 4357 785 4419 tractasse
810 4357 1058 4417 cousentaneum
1082 4354 1142 4417 est.

512 4457 593 4524 haec
615 4460 649 4523 iu
673 4459 859 4524 universum
881 4457 991 4541 potius
1014 4454 1211 4540 disputanda
1233 4461 1335 4520 erant
1368 4455 1432 4519 iam
1449 4452 1491 4519 ad
1507 4453 1638 4538 singula
1652 4475 1743 4520 ecce-

405 4565 529 4632 damus.
575 4563 842 4650 proficiscendum
873 4570 983 4631 eutem
1006 4564 1135 4629 videtur
1160 4562 1204 4628 ab
1227 4561 1337 4630 Italis.
1383 4561 1437 4626 hic
1467 4559 1630 4627 Iohannes
1653 4557 1742 4626 Geff·

405 4759 541 4814 rationem
560 4757 701 4827 subduxit,
731 4758 779 4813 sed
798 4758 988 4828 compluribus
1007 4755 1150 4812 amoribus
1169 4755 1308 4811 admixtis.
1331 4771 1394 4809 num
1411 4770 1462 4824 pro
1480 4753 1606 4809 Histrise
1624 4752 1741 4808 monitu

405 4847 583 4902 latitudinem
601 4839 656 4902 Χῖ
672 4846 824 4915 substituit,
842 4853 872 4902 et
890 4847 936 4916 qui
956 4847 1045 4901 mum
1068 4849 1223 4915 computet,
1241 4860 1319 4898 oram
1337 4844 1414 4913 legat
1432 4858 1544 4897 necesse
1562 4845 1613 4896 est.
1640 4840 1742 4896 deinde

403 4951 562 4990 mensuram
580 4936 727 4990 Anconem
753 4935 919 5004 adurgens
942 4949 998 4987 non
1023 4932 1217 5004 chorographi,
1239 4932 1288 4987 sed
1312 4931 1486 5002 periegeseos
1504 4929 1638 4988 adhibuit.
1674 4929 1741 4984 hinc

405 5024 566 5095 splendidus
585 5023 706 5094 quidem,
725 5023 774 5080 sed
793 5023 880 5079 lallex
899 5039 1047 5078 consensus
1066 5023 1162 5078 evasit.

514 5110 735 5183 bmpffim
