4275 6025
1116 715 1161 778 50

1031 805 1245 816 ——..

467 917 616 1006 Μ’)
649 917 751 1008 Siw-
798 921 856 986 hv
890 925 964 1008 q'fl'ss
996 925 1152 1010 ditpm
1187 937 1258 989 ml
1286 924 1448 1012 δραώι
1491 948 1557 1011 quo
1593 949 1636 993 ex
1671 946 1808 992 nurnero

466 1025 595 1094 Plinius
616 1028 726 1096 ltelcn
749 1029 875 1117 (4,70),
899 1028 1056 1098 Olaurum
1079 1037 1125 1114 (4,
1136 1035 1206 1115 67),
1229 1032 1393 1118 Hipparin
1415 1035 1462 1118 (i,
1473 1033 1544 1118 71),
1566 1033 1695 1112 Icaron,
1721 1052 1807 1116 quae

466 1145 602 1204 vocetur
623 1135 729 1205 Icaria
750 1159 772 1204 a
794 1137 882 1204 liele
904 1137 951 1224 (4,
964 1140 1032 1225 68),
1063 1137 1264 1206 Isebintbum
1292 1144 1338 1224 (4,
1357 1143 1425 1224 69),
1456 1139 1649 1224 Calymmm
1679 1144 1725 1223 (4,
1736 1141 1806 1223 71),
1939 1189 1950 1202 .

466 1241 587 1330 Syenen
609 1245 746 1334 (5,133)
769 1245 849 1312 alibi
870 1248 1033 1316 haemmi.
1077 1255 1251 1333 propterea
1271 1248 1390 1312 barum
1410 1248 1569 1312 ηιίοιιιι
1590 1269 1655 1313 non
1677 1247 1808 1313 babuit.

466 1349 527 1416 sed
548 1349 676 1436 reliqna
697 1371 812 1418 novem
834 1357 873 1418 ut
895 1349 1067 1418 videbatur
1081 1353 1220 1434 nomina
1243 1374 1326 1436 quas
1340 1352 1464 1420 insulae
1477 1353 1709 1435 significarem,
1732 1375 1808 1420 curu

466 1477 532 1524 uon
551 1457 763 1542 intellegeret,
787 1459 941 1530 metavit.
979 1481 1052 1526 cum
1072 1481 1149 1526 vero
1162 1459 1262 1545 paulo
1282 1467 1360 1526 anto
1381 1459 1469 1544 apud
1483 1459 1605 1527 lislam
1619 1460 1808 1526 Echinades

465 1573 734 1634 commemoratae
757 1569 873 1650 ament,
896 1567 948 1632 sel
969 1567 1088 1632 mum
1108 1569 1254 1652 ipsarum
1273 1567 1403 1632 nomina
1417 1566 1469 1632 rel
1482 1568 1605 1633 vicinas
1619 1567 1666 1632 eis
1680 1567 1808 1632 insulae

465 1691 502 1740 ιο
524 1671 683 1740 invenisse
705 1673 767 1740 sibi
790 1672 985 1758 gratulatus,
1016 1693 1056 1738 ea
1085 1674 1257 1757 exscripsit
1286 1694 1372 1756 quae
1391 1672 1570 1738 restabant
1616 1695 1702 1758 quae
1731 1695 1807 1739 cum

465 1777 514 1844 ita
536 1779 613 1858 siut,
647 1778 793 1845 Plinium
825 1777 884 1844 illa
913 1777 1045 1844 nomina
1075 1800 1142 1844 non
1178 1779 1286 1844 minus
1323 1778 1501 1861 depravata
1537 1779 1573 1843 in
1607 1802 1667 1847 suo
1697 1780 1807 1846 Melae

467 1885 647 1972 exemplari
668 1886 785 1972 legisse
806 1893 955 1971 apparet,
977 1907 1078 1970 quam
1099 1907 1159 1951 nos
1175 1887 1211 1950 in
1225 1885 1390 1951 wdicibus
1404 1886 1462 1969 qui
1476 1893 1664 1969 supersunt.
1698 1908 1808 1971 neque

465 1990 568 2076 igitur
578 1989 667 2056 liele
680 1991 905 2076 neglegentiae
919 2011 994 2056 reus
1010 1998 1068 2071 est,
1079 1991 1138 2076 qui
1148 1990 1334 2056 Echinadas
1348 1991 1436 2056 inter
1446 1991 1613 2074 Sporadas
1628 1993 1809 2073 rettulerit,

465 2117 551 2182 quae
573 2097 759 2166 Schaederi
780 2099 942 2164 metentis
964 2103 1015 2163 est
1036 2120 1096 2182 per
1116 2119 1152 2163 se
1173 2120 1290 2182 parum
1311 2097 1500 2182 probabilis,
1522 2099 1580 2164 sed
1595 2098 1726 2164 Plinius
1749 2101 1808 2183 qui

463 2203 637 2272 nonnullas
660 2203 701 2270 de
723 2203 924 2290 Sporadibus
945 2205 1038 2270 iuxta
1051 2203 1240 2270 Echinadas
1261 2204 1440 2269 collocavit.
1486 2210 1598 2271 tamen
1619 2205 1722 2271 habet
1744 2206 1809 2271 ali-

466 2331 565 2396 quam
587 2331 665 2378 saue
687 2312 936 2379 ormentionem.
981 2312 1113 2377 nomina
1134 2312 1220 2376 euim
1240 2312 1276 2375 in
1297 2309 1404 2376 Melae
1425 2309 1536 2374 codice
1550 2311 1634 2375 adeo
1650 2319 1809 2395 corrupta

464 2416 643 2500 invenerat,
677 2420 715 2486 ut
743 2419 798 2484 vix
829 2424 1093 2504 agnoscerentur.
1147 2438 1305 2483 consensu
1335 2416 1419 2481 enim
1452 2417 1562 2474 textus
1592 2412 1743 2482 Pliniani
1775 2423 1809 2484 et

465 2520 572 2590 Melae
595 2521 655 2590 baa
677 2524 879 2609 corruptelas
894 2524 960 2590 iam
974 2523 1072 2608 paulo
1087 2528 1162 2607 post
1176 2522 1271 2586 buius
1285 2521 1398 2584 librum
1417 2511 1541 2574 editum
1562 2512 1690 2580 codices
1706 2541 1808 2586 occu-

463 2649 559 2714 passe
574 2609 783 2696 manifestum
798 2637 862 2696 est:
891 2627 1051 2694 Cottonara
1066 2635 1138 2713 (pro
1153 2625 1262 2691 acon
1275 2623 1343 2698 Ias)
1365 2615 1411 2680 Μ.
1423 2613 1465 2678 ci.
1485 2613 1606 2681 Coraca
1621 2618 1673 2684 Pl.
1697 2622 1806 2706 ibyc-

465 2735 525 2800 tc‘rc
553 2735 629 2822 (pro
664 2735 741 2800 Tin
769 2736 893 2818 Timo),
927 2735 1079 2820 Dionysia
1108 2737 1180 2817 (pro
1208 2721 1358 2806 Donyso).
1393 2718 1519 2786 Pinara
1555 2728 1626 2808 (pro
1657 2723 1803 2813 Cinara),

464 2839 612 2928 agapae
643 2845 714 2926 (pro
736 2839 877 2926 napa)
907 2839 953 2908 ιι.
983 2839 1024 2905 of.
1054 2838 1107 2904 Ρι
1136 2832 1273 2916 Nysae·
1317 2823 1465 2888 exoritur
1494 2836 1611 2896 auam
1640 2836 1806 2916 quaestio,

466 2948 519 3016 cui
544 2947 619 3015 illae
642 2945 845 3031 corruptelae
868 2943 1075 3028 imputandas
1096 2939 1171 3004 sint
1213 2950 1251 2994 ac
1276 2927 1305 2990 ei
1333 2947 1398 2991 uno
1424 2927 1497 2995 loco
1520 2955 1589 3001 una
1612 2941 1809 3024 corruptela

466 3058 619 3135 exstaret,
651 3074 715 3119 non
742 3050 925 3117 dubitarem
952 3069 1022 3113 eam
1044 3040 1176 3110 librario
1205 3031 1351 3117 quamvis
1381 3035 1521 3119 nntiqrm
1551 3043 1714 3111 tribuere.
1771 3055 1809 3115 at

465 3159 519 3226 bic
540 3158 637 3244 plane
658 3156 755 3222 aliter
775 3176 828 3221 res
851 3175 885 3219 se
907 3152 1016 3218 habat.
1061 3143 1159 3211 series
1181 3136 1265 3203 enim
1287 3138 1551 3219 corruptelarum
1579 3170 1649 3214 uno
1673 3153 1711 3217 in
1735 3155 1812 3222 1000

462 3268 610 3349 apparet.
656 3260 865 3345 quamobrem
888 3256 967 3323 mibi
989 3250 1117 3337 quiden¹
1130 3261 1246 3327 ΜΠ]
1261 3240 1331 3304 mi
1345 3241 1451 3309 limile
1466 3254 1528 3329 681»
1553 3262 1811 3341 corruptionem

462 3374 548 3437 inter
562 3368 682 3434 Melam
697 3367 902 3448 Pliniumque
923 3360 1057 3443 triginta
1077 3350 1150 3435 plus
1171 3346 1277 3409 minus
1299 3348 1391 3411 annis
1413 3354 1589 3438 tantopere
1611 3374 1811 3441 grassatam

466 3498 546 3559 esse,
569 3480 696 3560 poetes.
703 3495 762 3557 per
784 3477 834 3537 tot
856 3464 984 3535 saecula
1004 3462 1071 3527 iero
1092 3470 1240 3529 88888888,
1272 3451 1321 3517 ita
1343 3459 1381 3517 ut
1402 3465 1594 3528 contextum
1613 3468 1671 3533 vix
1695 3476 1811 3557 magis

463 3584 673 3667 depravatum
703 3599 761 3644 uos
791 3578 824 3641 in
847 3570 1008 3641 codicibus
1029 3560 1204 3629 babeamus
1226 3576 1323 3639 qnam
1347 3557 1487 3628 Plinius
1534 3588 1573 3633 eo
1596 3570 1708 3653 igitur
1732 3600 1813 3660 per.

462 3688 563 3753 ducor
584 3692 622 3751 ut
637 3683 743 3751 Melae
765 3681 826 3765 ipsi
849 3668 1038 3743 temeritatis
1060 3666 1170 3731 acam
1192 3660 1378 3747 impingam.
1419 3687 1459 3732 ac
1480 3691 1547 3736 non
1562 3673 1628 3740 hoc
1643 3684 1809 3752 un01000

461 3814 533 3859 eam
556 3790 702 3874 cognosci
724 3788 758 3853 iu
773 3778 942 3870 propatulo
957 3778 1015 3841 ost.
1052 3785 1151 3835 uuum
1175 3763 1276 3833 affero
1299 3771 1483 3856 exemplum
1506 3798 1571 3860 quo
1595 3794 1733 3863 quanta
1750 3813 1811 3858 so-

461 3897 573 3964 cordia
595 3900 780 3981 quantaque
802 3885 935 3955 libidine
956 3876 1042 3947 liele
1071 3872 1105 3939 iu
1132 3870 1314 3939 numinibus
1336 3880 1479 3961 propriis
1502 3903 1573 3947 rem
1597 3887 1806 3979 instituerit,

460 4001 642 4067 luculenter
662 3996 882 4083 perspiciatur.
926 4001 1008 4071 quae
1030 3977 1180 4061 88181818
1200 3974 1284 4043 plin·
1305 3982 1395 4063 t,20
1417 3997 1650 4072 nuncupantur
1674 4004 1809 4085 oppida

458 4104 660 4171 Arsennaria
688 4109 722 4169 et
744 4099 916 4171 Cartenna,
947 4108 984 4155 88
1013 4082 1118 4153 Melit
1148 4086 1179 4162 1,
1192 4084 1233 4151 31
1265 4090 1343 4151 sunt
1372 4086 1521 4158 Arsinna
1554 4101 1588 4159 et
1619 4097 1809 4178 (larciana⁸

457 4210 559 4295 igitur
580 4213 617 4273 ut
639 4206 787 4273 similiter
809 4198 936 4269 numius
958 4190 1119 4265 alcea
1142 4185 1281 4255 alterurn
1304 4211 1420 4260 nornen
1443 4197 1639 4268 decurtavit.
1690 4213 1736 4277 ab
1763 4236 1806 4281 00

456 4319 566 4381 autem
589 4310 717 4379 bomine
740 4308 794 4393 qui
818 4298 1005 4391 inpeditura
1020 4310 1101 4379 opus
1116 4296 1149 4357 et
1163 4288 1334 4361 facundiae
1348 4298 1479 4367 minime
1494 4324 1598 4388 capax
1614 4313 1807 4390 verborum

457 4416 690 4489 sententiarum
714 4412 889 4499 figurarum
913 4398 1106 4473 accrementis
1129 4402 1294 4463 munuera
1309 4408 1454 4483 ccuatuu
1478 4427 1531 4473 res
1546 4412 1656 4480 minus
1673 4428 1806 4507 respici

456 4546 554 4615 quam
569 4522 668 4593 verba
682 4522 929 4589 cousentaneum
946 4514 1004 4579 ost
1034 4504 1145 4589 ltaque
1160 4500 1209 4567 vei
1224 4498 1286 4569 hoc
1301 4524 1365 4571 unc
1381 4526 1478 4591 quen
1492 4513 1708 4589 tractavimus
1721 4526 1806 4597 1000

455 4630 658 4721 cognoscitur
681 4627 727 4697 eis
750 4624 804 4713 qui
828 4622 861 4691 in
877 4616 964 4690 uois
987 4612 1114 4685 uentris
1136 4606 1268 4695 pinnula
1289 4611 1449 4695 corrigere
1470 4617 1582 4700 velint,
1605 4632 1803 4702 cavendum

455 4764 525 4813 esse
540 4761 580 4811 ue
596 4734 737 4809 auctoris
753 4730 969 4821 nonunquam
986 4718 1188 4791 litaniarum
1205 4723 1338 4803 ιιιιιιιιιι
1352 4720 1531 4791 emendent
1557 4725 1641 4793 illud
1655 4737 1802 4808 tentum

455 4848 605 4939 consequi
628 4860 797 4939 possumus
819 4840 856 4907 ut
883 4852 964 4925 ιιιιιι
990 4826 1120 4901 ιιιιιιιίιιιι
1141 4820 1229 4894 blois
1250 4822 1391 4894 scribere
1414 4826 1571 4913 debuerit,
1594 4832 1799 4912 diciamus,

562 4980 633 5031 cuni
657 4976 732 5029 vero
755 4947 810 5021 111ιι
833 4944 903 5015 lucc
927 4937 1045 5012 Melani
1069 4936 1173 5029 lrirurn
1200 4928 1304 5003 Plinio
1327 4934 1580 5023 praeualuisse
1611 4949 1705 5008 certa
1738 4970 1802 5016 ar.

453 5054 734 5163 Ἷ-Ηὸιιώοι
753 5070 893 5155 nondun
911 5068 946 5131 l.
