4275 6025
996 748 1058 812 195

426 959 460 1043 ο)
485 959 563 1020 rende
596 958 767 1037 concitatur,
804 979 823 1017 a
857 956 1000 1020 οιῖετιῗαιεο
1053 954 1108 1020 ded
1135 955 1168 1021 δὲ
1198 963 1293 1022 τοῦτο
1324 959 1378 1023 καλ
1411 956 1538 1024 ἄποτόν
1565 956 1632 1023 ἐστι
1654 959 1692 1025 τὸ

367 1064 465 1148 Tipasa
494 1063 601 1148 incipit
626 1063 733 1128 aare.
778 1063 824 1126 ita
846 1063 1001 1149 appellant
1053 1057 1146 1147 ὕδωρ.
1170 1059 1303 1148 φέρεται
1320 1062 1355 1128 δὲ
1371 1060 1412 1128 δι’
1430 1060 1564 1151 ariarici
1585 1067 1692 1149 Τίγρις

361 1171 447 1234 Medi
467 1171 616 1254 sapidam.
1053 1163 1123 1233 a'red
1146 1170 1201 1254 τῆς
1221 1168 1303 1233 κατὰ
1326 1169 1384 1235 τὸν
1409 1168 1558 1257 Νιφάτην
1574 1164 1693 1258 ὀρεινῆς

1053 1271 1217 1360 ὁρμηθεὶς,
1263 1273 1400 1357 ἄμικτον
1445 1275 1616 1363 φυλάττων
1655 1274 1692 1343 τό

1053 1380 1154 1466 ῥεῦμα
1177 1380 1231 1447 deci
1256 1382 1311 1470 τὴν
1334 1377 1481 1470 ὀξύτητα,
1513 1373 1611 1468 ἅφόὗ
1637 1384 1692 1448 καλ

426 1492 453 1569 a)
476 1511 570 1551 unam
589 1510 681 1573 penus
700 1486 856 1575 ei(lacui)
868 1489 1001 1573 praciam
1053 1484 1205 1570 τοῦνομα,
1239 1486 1359 1574 Μήδων
1387 1493 1490 1573 τίγριν
1512 1488 1693 1554 καλούντων

360 1606 410 1667 ast,
426 1597 514 1680 idque
538 1596 763 1659 trarrecnrrentie
784 1617 847 1658 non
862 1596 1000 1658 miserta
1053 1593 1091 1658 τὸ
1125 1592 1274 1675 τόξευμα.
1320 1595 1374 1658 καλ
1409 1583 1501 1671 οὗτος
1534 1593 1593 1677 μὲν
1625 1592 1692 1676 ἔχει

360 1702 442 1766 alveo
472 1704 549 1766 sinat
579 1723 708 1788 nequae
737 1700 825 1786 Tipri
850 1701 999 1786 piscaria
1053 1699 1234 1778 πολυειδεῖς
1267 1698 1375 1782 ἰχθῦς,
1411 1699 1442 1766 οἱ
1481 1699 1516 1765 δὲ
1550 1702 1693 1784 λιμναῑοι

360 1810 456 1872 boum
478 1809 677 1874 transnatant.
1052 1804 1122 1884 ἑνὸς
1143 1805 1246 1884 εἴδους
1268 1803 1354 1871 εἰσιν.

467 1932 541 1998 dein
557 1931 673 2015 Tigrin
695 1931 729 1995 iu
752 1950 883 2013 specum
905 1930 1008 2013 mergi
1032 1935 1064 1995 et
1088 1930 1130 1996 ab
1153 1930 1256 1996 altero
1278 1929 1381 1996 latere
1400 1929 1501 1997 Tauri
1525 1952 1693 2017 erumpere

358 2039 446 2125 apud
469 2044 644 2121 utrumque
667 2042 829 2102 narratur.
867 2038 933 2102 iam
955 2027 1138 2120 sequuntur
1160 2038 1192 2102 in
1215 2035 1323 2102 Plinio
1346 2040 1486 2119 (6128)
1508 2038 1601 2105 baec:

466 2147 592 2209 alterurn
614 2144 719 2208 danda
740 2145 848 2206 transit
867 2143 977 2224 lanan,
1000 2146 1054 2230 qui
1080 2144 1227 2229 Pheopites
1235 2144 1262 2231 ¹)
1286 2145 1458 2231 appellatur
1480 2168 1639 2232 narrataque
1660 2148 1693 2210 in

358 2252 504 2316 crinisatas
532 2252 677 2335 mergitur
704 2261 729 2313 et
752 2262 823 2335 poet
852 2240 966 2312 X-XTI
993 2251 1055 2335 p.)
1090 2251 1124 2335 (i.
1150 2253 1214 2319 180
1242 2250 1339 2335 stad.)
1370 2252 1448 2314 circa
1478 2251 1693 2338 Nymphaeum

358 2359 505 2422 redditur.
1128 2391 1130 2400 ·

468 2465 587 2528 iterum
610 2462 723 2528 eadem
746 2461 931 2530 scribuntur
953 2464 1087 2528 mutatis
1111 2465 1237 2528 tantum
1257 2462 1448 2529 nominibus.
1487 2465 1692 2548 nequeenim

359 2569 532 2654 Thespites
547 2570 636 2635 lacus
653 2571 718 2635 sive
733 2567 899 2654 Thapites,
917 2570 981 2635 nisi
997 2590 1058 2654 ego
1073 2570 1169 2654 plane
1185 2571 1339 2652 caecutio,
1361 2569 1507 2637 diversus
1522 2593 1542 2636 a
1560 2576 1692 2658 Θωνιίτῃ

359 2678 416 2760 qui
438 2676 511 2742 aliis
538 2683 588 2742 est
609 2676 819 2763 Θωσιτλτηςθ).
869 2697 908 2742 ao
931 2677 960 2741 si
981 2677 1087 2741 solum
1118 2676 1158 2742 ds
1190 2675 1316 2742 duobus
1348 2676 1483 2743 acubus
1515 2698 1567 2744 res
1598 2685 1690 2757 esset,

358 2783 504 2848 cederem
536 2803 596 2848 nec
622 2780 798 2862 haererem,
830 2803 1027 2865 quamquam
1058 2802 1132 2846 eum
1163 2782 1219 2864 qui
1250 2779 1356 2846 adfuit
1386 2781 1466 2847 talia
1492 2784 1692 2848 committere

357 2911 473 2973 parum
501 2887 672 2955 verbimile
695 2889 789 2974 est4).
828 2889 885 2954 sed
909 2889 958 2954 bis
981 2887 1102 2954 flumen
1125 2887 1220 2954 condi
1242 2888 1329 2973 apud
1352 2888 1512 2954 neminem
1538 2888 1689 2968 traditur,

357 2995 397 3063 cf.
411 3017 496 3081 quae
511 2998 672 3081 congessit
683 2996 803 3064 Miiller
818 2997 859 3062 ad
872 2995 970 3063 Dion.
984 2996 1058 3063 Per.
1072 2999 1148 3067 988.
1170 2998 1283 3081 itaque
1298 2995 1459 3081 duplicem
1475 2997 1692 3063 narrationem

357 3103 494 3188 duplicis
517 3105 650 3188 originis
671 3106 826 3171 indicium
850 3126 920 3171 esse
942 3105 1058 3172 iudico.
1106 3125 1144 3171 aa
1171 3104 1298 3170 Plinius
1326 3126 1364 3170 eo
1391 3103 1568 3170 faciliorem
1595 3124 1691 3169 excu-

358 3214 514 3277 sationem
529 3211 631 3277 babet
646 3212 733 3295 quod
748 3213 878 3276 nomina
889 3210 1053 3277 differunt.
1089 3211 1213 3277 accedit
1229 3210 1315 3294 quod
1331 3216 1404 3295 post
1419 3209 1554 3276 alteram
1565 3218 1691 3295 partem

357 3314 533 3380 admodum
555 3315 693 3400 abrupte
716 3315 836 3381 Olaudi
859 3312 1010 3381 Caesaris
1033 3317 1252 3381 testimonium
1275 3316 1429 3400 seqnitur.

464 3420 607 3486 Muciani
631 3427 740 3485 autem
767 3425 804 3484 ut
835 3420 887 3484 hic
910 3421 1046 3503 vestigia
1068 3441 1251 3503 agnoscam,
1279 3421 1367 3486 bisce
1394 3441 1606 3487 commoveor:
1639 3442 1690 3485 re-

357 3527 573 3593 certissimam
606 3527 785 3593 doctrinam
815 3526 941 3592 Plinius
974 3527 1105 3612 profert,
1138 3549 1211 3593 cum
1240 3548 1333 3594 nemo
1369 3536 1444 3594 ante
1476 3525 1691 3594 Corbulonem

356 3632 522 3700 Romanus
544 3634 618 3698 illas
645 3635 793 3717 regiones
816 3635 1043 3718 peragraverit.
1091 3634 1165 3699 dein
1190 3637 1303 3714 6129
1331 3635 1503 3718 respicitur
1530 3634 1571 3698 ad
1599 3635 1631 3706 6,
1647 3637 1689 3702 25

357 3740 414 3806 ubi
443 3738 615 3806 Muciansa
649 3741 836 3807 invenimus.
887 3746 957 3806 tum
986 3739 1116 3806 Arabes
1150 3739 1249 3808 Oroei
1290 3740 1432 3806 eiusdem
1461 3740 1585 3824 proprii
1615 3746 1690 3805 suut

356 3849 499 3929 (61293
518 3847 661 3913 Arrhoei
676 3846 819 3933 Isidori).
849 3867 947 3931 porro
964 3846 1135 3912 Adiabene
1154 3846 1275 3912 ibidem
1296 3848 1379 3912 sicut
1399 3846 1486 3931 apud
1501 3844 1690 3911 Mucianum

355 3953 477 4019 factum
507 3958 565 4032 est,
598 3954 764 4037 speciatim
786 3959 1007 4037 percensetur,
1040 3952 1127 4035 apud
1158 3951 1322 4018 Isidorum
1352 3973 1423 4017 cum
1455 3949 1691 4034 Mesopotamia

356 4058 564 4125 confunditur
599 4060 653 4142 (cf.
686 4081 718 4143 p.
755 4063 842 4143 193),
880 4061 913 4125 iu
948 4059 1106 4144 periegesi
1144 4059 1186 4124 ad
1225 4058 1352 4143 Syriam
1387 4058 1528 4123 refertur
1561 4057 1606 4142 (5,
1623 4059 1689 4141 66).

355 4172 526 4251 praeterea
552 4166 669 4232 fluvius
696 4166 916 4251 Nicephorion
941 4164 1136 4233 Corbulonis
1159 4164 1417 4250 expeditionibus
1447 4170 1543 4230 notus
1571 4169 1621 4229 est
1648 4162 1687 4228 of.
1768 4240 1771 4247 ,

355 4272 431 4339 Tau
455 4295 530 4341 anu.
556 4278 607 4353 15,
624 4278 654 4341 4.
700 4271 819 4338 Olaudi
847 4294 976 4357 quoque
1004 4270 1156 4339 Caesaris
1182 4272 1367 4338 testimonio
1397 4271 1568 4337 Mucianae
1598 4272 1689 4355 origo

355 4378 608 4461 commendatur,
643 4381 763 4465 quippe
786 4382 842 4464 qui
866 4382 964 4448 etiam
988 4384 1019 4463 6,
1036 4382 1080 4449 27
1111 4379 1302 4446 allucisno
1324 4378 1433 4444 Plinio
1467 4378 1690 4463 suppeditatas

357 4488 409 4552 sit.
436 4486 601 4553 Caucasus
617 4506 746 4569 quoque
761 4487 890 4551 notione
906 4485 1075 4551 Muciauea
1092 4487 1121 4563 6,
1137 4488 1201 4553 164
1217 4488 1332 4550 exsut.
1363 4482 1484 4549 ibidem
1500 4503 1519 4546 a
1533 4483 1690 4568 periegesi

466 4766 487 4834 1)
507 4765 603 4835 apios
620 4764 645 4820 lt
663 4766 680 4819 i.
700 4763 839 4834 Thapitas.

463 4855 485 4923 ⁹)
504 4854 578 4908 haud
596 4856 654 4909 scio
672 4872 708 4909 an
726 4858 848 4924 praestet
865 4853 948 4909 lectio
966 4854 1003 4908 1r2
1019 4852 1113 4909 XXV
1126 4852 1144 4908 i.
1164 4852 1218 4908 200
1236 4851 1333 4905 stadia.

465 4943 487 5011 ⁸)
505 4958 567 4996 aum
591 4944 695 4998 multos
713 4960 821 4999 errores
839 4943 868 4996 in
885 4941 960 4997 Plini
982 4940 1122 4996 codicibus
1145 4939 1240 4996 obvios
1260 4956 1294 4993 ex
1311 4939 1415 4995 unciali
1434 4939 1591 4994 litteratura
1608 4942 1689 4993 natos

355 5048 414 5087 esse
433 5036 547 5097 constat,
565 5031 685 5086 tortasm
702 5030 749 5085 hic
766 5048 780 5086 a
797 5046 848 5100 pro
866 5047 883 5085 ο
903 5030 1038 5099 scriptum
1055 5034 1105 5084 est.

462 5123 485 5190 ι)
503 5118 577 5174 Ptol.
597 5123 622 5192 5,
642 5122 683 5185 13,
703 5122 729 5177 7.
748 5121 765 5176 8
785 5120 923 5172 θωοιιιτιν
942 5117 1039 5185 λίμνην
1057 5118 1094 5172 ab
1112 5119 1225 5173 Arsissa
1243 5117 1397 5186 distinguit.

1476 5205 1529 5259 1³·
