4275 6025
1026 729 1090 795 139

383 945 569 1022 censentur,
605 939 707 1006 altero
741 939 811 1005 loco
845 938 887 1005 ab
922 939 1042 1006 eisdem
1070 939 1134 1005 orti
1157 959 1227 1004 esse
1259 938 1423 1006 dicuntur.
1468 938 1587 1006 deinde
1609 943 1723 1022 3,135
1803 941 1806 945 ’

395 1046 544 1133 Vopisnni
565 1045 713 1129 Lipares.-
736 1050 767 1130 3,
782 1050 825 1117 47
855 1045 1013 1133 Vapiemzi.
1058 1048 1137 1112 item
1153 1045 1310 1130 Capillati
1332 1052 1470 1129 utroque
1490 1048 1561 1115 loco
1584 1053 1724 1114 exstant.

383 1152 515 1221 accedit
547 1152 633 1237 qnod
666 1153 841 1237 Augustae
874 1155 921 1219 ite
954 1174 1028 1220 cum
1062 1153 1276 1238 descriptione
1310 1172 1431 1219 conexa
1465 1160 1550 1236 sunt,
1581 1159 1619 1220 ut
1641 1154 1724 1219 situs

386 1260 590 1344 respiciatur.
1454 1269 1459 1275 '

496 1366 579 1432 alius
616 1366 718 1452 igitur
754 1366 896 1433 auctoris
933 1364 988 1431 hic
1025 1386 1157 1449 quoque
1192 1366 1331 1450 vestigia
1368 1372 1454 1434 sunt.
1509 1367 1567 1450 qni
1603 1365 1725 1433 tabulis

389 1473 570 1557 Augusteis
596 1495 671 1540 cum
704 1494 783 1539 usus
817 1474 869 1550 sit,
904 1471 1018 1556 ntique
1051 1472 1210 1537 recentior
1243 1477 1293 1538 est
1320 1470 1469 1539 Varrone
1503 1478 1536 1539 ct
1563 1473 1723 1557 Agrippa.

384 1578 532 1643 eiusdem
554 1578 643 1644 aliud
666 1578 847 1643 membrum
871 1578 1041 1643 disiectum
1063 1576 1248 1643 enucleasse
1269 1578 1349 1644 mihi
1371 1579 1492 1647 videor.
1538 1601 1613 1645 nam
1630 1579 1726 1664 Epiri

384 1684 510 1769 duplex
539 1690 646 1751 exstat
674 1686 865 1770 descriptio:
897 1687 967 1764 4,2
990 1689 1025 1751 et
1046 1689 1078 1765 4,
1096 1686 1128 1754 3.
1150 1689 1183 1753 4.
1228 1685 1263 1750 in
1285 1686 1394 1769 priore
1420 1686 1561 1771 primum
1583 1686 1726 1753 breviter

383 1812 447 1857 cra
472 1791 640 1857 dividitur:
664 1793 697 1855 irs
731 1812 766 1855 eo
802 1790 933 1878 (Epiro)
967 1791 1061 1875 primi
1097 1787 1242 1870 Cicones,
1276 1814 1296 1853 a
1332 1792 1438 1876 quibus
1476 1790 1621 1867 Chaonio,
1657 1795 1727 1857 dria

392 1898 558 1984 Thesproti,
582 1898 699 1964 deinde
721 1904 828 1964 terrae
851 1898 1025 1982 descriptio
1048 1919 1069 1963 a
1092 1897 1364 1981 septentrionibus
1386 1899 1542 1983 incipiens
1566 1898 1623 1986 (ci.
1637 1900 1727 1963 Anti

380 2007 539 2092 ponsasss)
564 2005 847 2092 comprehenditur
871 2005 975 2071 brevis
991 2004 1122 2090 quidem
1145 2009 1178 2070 et
1201 2025 1266 2088 qna
1281 2026 1339 2070 ora
1361 2026 1426 2071 non
1448 2006 1529 2072 satis
1552 2006 1726 2090 diligenter

389 2112 660 2179 amediterranea
674 2119 768 2196 parte
791 2111 1019 2195 distinguatur,
1042 2116 1154 2177 temen
1176 2116 1292 2176 neutra
1310 2111 1406 2195 plane
1421 2111 1627 2202 neglegatnr3
1651 2135 1726 2179 nsm

384 2218 532 2285 Cestrini
554 2241 644 2286 mare
666 2219 849 2302 adtingunt.

495 2331 573 2391 tunc
595 2329 650 2407 4,3
675 2326 779 2392 denuo
802 2326 963 2410 incipitur.
1009 2346 1115 2409 neque
1137 2326 1223 2390 enim
1244 2330 1352 2409 potest
1376 2324 1533 2409 distingui
1556 2325 1669 2412 Epiros
1691 2328 1725 2390 in

384 2433 557 2495 universam
579 2434 623 2512 (4,
639 2434 676 2515 2)
699 2439 733 2497 et
755 2432 871 2518 Epiros
886 2433 955 2516 ipsa
979 2430 1024 2515 (4,
1040 2432 1094 2516 3):
1118 2429 1160 2497 ab
1175 2430 1427 2497 Acrocerauniis
1445 2438 1583 2516 utraque
1597 2431 1726 2498 initium

380 2536 487 2616 ducit.
532 2542 567 2603 at
598 2537 732 2602 diversis
762 2536 944 2603 nominibus
967 2541 1121 2602 utuntur:
1152 2539 1222 2614 4,2
1246 2559 1266 2599 α
1294 2533 1449 2601 Cerauniis
1465 2585 1473 2602 .
1491 2539 1622 2625 ‚incipit
1643 2561 1725 2603 omn·

383 2644 474 2710 ribos.
519 2648 551 2722 4,
569 2648 590 2711 4
612 2645 646 2707 in
660 2643 894 2707 Acrocerauniis.
939 2643 1056 2708 iniuria
1079 2648 1187 2708 autem
1210 2648 1241 2723 4,
1259 2646 1280 2711 2
1303 2664 1433 2727 qnoque
1456 2643 1565 2710 studio
1580 2646 1725 2729 quodam

383 2749 630 2835 aequabilitatis
653 2747 1006 2835 contraSolini(7,1)
1029 2748 1250 2814 testimonium
1272 2746 1449 2833 longiorem
1475 2747 1613 2817 formam
1635 2772 1726 2835 repo·

388 2857 513 2935 unnt1).
558 2857 664 2923 altera
693 2857 795 2940 igitur
825 2855 1001 2941 descriptio
1032 2876 1123 2921 oram
1153 2856 1309 2939 sequitur,
1342 2856 1400 2921 sed
1427 2878 1468 2923 ne
1491 2856 1725 2922 mediterranea

383 2965 518 3048 quidem
541 2962 767 3047 negleguntur.
813 2960 860 3027 ibi
884 2983 924 3028 ex
946 2962 993 3028 eis
1012 2982 1097 3047 quae
1119 2963 1188 3046 4,2
1213 2966 1351 3044 exstant,
1376 2962 1422 3029 nil
1437 2962 1605 3046 repetitur,
1629 2967 1666 3028 at
1684 2982 1725 3028 ne

382 3071 549 3136 divisionis
583 3069 714 3155 quidem
748 3070 857 3155 priore
890 3073 960 3136 loco
992 3070 1178 3154 propositae
1212 3069 1280 3135 nlla
1314 3070 1398 3136 ratio
1432 3069 1580 3137 habetur.
1627 3090 1726 3153 qnam

382 3177 608 3244 diversitatem
640 3177 807 3260 quaeritur
839 3175 999 3261 quomodo
1032 3175 1237 3259 explicemus.
1289 3183 1389 3259 atque
1419 3176 1524 3242 altera
1553 3175 1727 3261 descriptio

387 3283 593 3350 hauddubie
619 3282 662 3349 ad
689 3283 868 3367 periegesin
899 3283 1041 3366 pertinet
1069 3302 1130 3347 nec
1160 3303 1225 3348 non
1254 3283 1399 3349 conversi
1432 3282 1556 3349 ordinis
1589 3283 1726 3368 praebet

383 3389 579 3473 exemplum.
625 3410 701 3454 nam
726 3387 925 3454 Buthrotum
957 3386 1039 3453 falso
1069 3392 1144 3471 post
1172 3385 1293 3452 flumen
1316 3386 1477 3473 Thyamin
1506 3387 1726 3473 oppidumque

383 3494 551 3562 Cestriam
573 3501 689 3561 exstat.
736 3515 796 3560 nec
818 3493 949 3560 meliore
971 3494 1042 3559 iure
1065 3493 1180 3559 civitas
1197 3495 1377 3561 Anactoria
1398 3495 1442 3561 ad
1461 3495 1601 3580 Flpirum
1623 3494 1726 3561 refer-

387 3607 450 3667 tur.
496 3603 693 3668 contrarium
724 3622 800 3667 vero
830 3621 960 3666 cursum
990 3601 1018 3666 si
1048 3601 1123 3685 quis
1146 3602 1262 3684 tenuit,
1291 3603 1320 3666 is
1344 3602 1558 3668 Anactorium
1580 3603 1614 3667 in
1636 3603 1726 3668 sinus

387 3708 560 3774 Ambrecii
581 3709 674 3774 initio
698 3707 919 3790 collocaverat,
944 3707 1029 3773 unde
1052 3708 1140 3774 band
1161 3709 1226 3775 scio
1249 3730 1293 3774 an
1314 3709 1370 3775 ille
1394 3729 1484 3774 error
1506 3709 1609 3793 possit
1630 3707 1725 3772 intel-

382 3815 459 3896 legi.
507 3815 646 3898 denique
668 3814 847 3881 Perrhaebi
869 3814 904 3878 in
930 3815 1037 3899 priore
1060 3815 1278 3899 descriptione
1306 3817 1391 3881 inter
1414 3816 1568 3900 Epirotas
1590 3834 1725 3879 censen·
1854 3893 1861 3907 Ι

385 3925 451 3998 tur,
475 3924 548 4001 4,6
571 3920 657 3985 inter
679 3918 817 3985 Aetolos
826 3918 863 4002 ²).
910 3925 984 3986 acta
1017 3941 1069 3986 res
1093 3926 1188 4000 esset,
1212 3921 1241 3986 si
1271 3926 1360 3986 recte
1390 3921 1486 4004 vulgo
1515 3940 1574 4004 pro
1604 3918 1725 3985 Talaro

385 4031 496 4091 monte
518 4029 550 4104 4,
567 4028 597 4105 2,
623 4047 721 4110 quam
753 4026 891 4091 nominis
918 4025 1055 4092 formam
1078 4024 1209 4092 Solinus
1236 4024 1407 4092 confirmat
1438 4028 1517 4106 7,1,
1550 4024 1726 4091 Tomsrum

386 4133 641 4203 substituissent.
723 4155 821 4220 quem
855 4138 997 4199 montem
1030 4133 1118 4218 apud
1152 4132 1327 4200 Dodonsm
1362 4133 1461 4199 situm
1495 4152 1565 4198 esse
1599 4130 1726 4198 Plinius

385 4238 529 4306 affirmet
551 4245 582 4322 4,
600 4240 666 4328 6³).
713 4262 753 4307 ac
774 4261 851 4307 sane
874 4238 1030 4306 Tomaros
1059 4244 1188 4307 centum
1211 4238 1356 4304 fontibus
1380 4238 1465 4303 circa
1494 4237 1620 4304 radices
1643 4237 1727 4304 cele-

497 4399 516 4466 Ι)
534 4397 564 4451 in
590 4396 749 4452 universum
775 4396 805 4450 in
832 4395 886 4450 hoo
914 4395 1090 4465 potissimum
1115 4395 1226 4451 nomine
1248 4394 1395 4448 diversitas
1419 4398 1564 4449 auctorum
1589 4396 1725 4452 cernitur:

385 4489 412 4555 2,
426 4489 478 4543 244
496 4487 700 4544 Acroceraunio
723 4485 789 4542 Isid.
813 4487 839 4554 3,
852 4487 887 4542 97
912 4485 1187 4556 (ci.suprap.109)
1210 4488 1238 4540 et
1261 4487 1315 4540 150
1338 4483 1573 4540 Acroceraunium
1592 4501 1726 4555 proman-

387 4574 494 4632 torium
513 4577 667 4647 Agrippam
687 4577 786 4642 3,145.
806 4576 861 4641 4,1
883 4578 986 4631 montes
1004 4575 1209 4631 Acroceraunio
1227 4575 1272 4630 vel
1290 4575 1316 4641 4,
1329 4576 1354 4630 4.
1380 4576 1415 4630 52
1433 4574 1508 4628 nude
1522 4574 1726 4631 Acroceraunio

387 4665 537 4734 periegesis
555 4667 653 4719 auctor
670 4662 698 4719 h.
718 4681 740 4718 e.
762 4661 861 4718 Verr0.
898 4664 1051 4717 notandum
1075 4666 1119 4716 est
1137 4660 1210 4732 apud
1229 4661 1333 4716 Melam
1352 4664 1377 4727 2,
1391 4662 1426 4717 52
1446 4660 1598 4717 Ceraunios
1617 4667 1727 4718 montes

383 4754 603 4810 commemorari.

495 4840 517 4912 Ι)
535 4844 659 4895 ceterum
688 4840 792 4894 adnoto
819 4839 986 4895 Aetolorum
1012 4840 1124 4910 populis
1153 4856 1209 4895 non
1237 4840 1328 4895 solnm
1352 4854 1399 4894 eos
1431 4838 1569 4894 contineri
1596 4839 1652 4911 4,6
1680 4841 1727 4909 qui

387 4929 528 4985 Aetoliam
546 4930 714 4999 incolebant,
734 4929 783 4983 sed
803 4929 887 4984 etiam
905 4929 953 4998 qui
975 4946 1038 4984 cum
1059 4928 1170 4984 Aetolis
1188 4927 1329 5005 qnondam
1348 4926 1460 4982 foedere
1477 4928 1619 4984 coniuncti
1637 4934 1726 4995 erant,

385 5019 463 5074 velut
479 5018 653 5074 Athamanes
671 5017 824 5089 Tymphaei
842 5017 950 5087 ipsique
967 5016 1127 5073 Perrhaebi.

496 5109 517 5179 ³)
536 5107 582 5163 hio
601 5107 721 5162 formam
744 5107 866 5164 Tmarus
884 5106 996 5162 exhibet
1014 5106 1123 5162 Solinus
1142 5108 1167 5173 7,
1181 5109 1207 5164 3.
