4275 6025
1020 710 1061 775 77

371 921 416 989 ad
445 919 621 1005 Cytheram
653 924 811 999 transeat,
846 919 963 987 deinde
994 919 1147 1006 Aegilam
1177 925 1301 1005 tangat,
1336 919 1423 987 unde
1451 918 1586 987 Cretam
1615 920 1711 1005 petit.

371 1028 589 1094 adnectuntur
619 1026 744 1092 insulae
768 1024 886 1093 Oratae
917 1026 1131 1093 adhaerentes
1139 1027 1175 1111 1).
1221 1026 1298 1094 dein
1326 1027 1454 1094 reditur
1485 1028 1530 1093 ad
1560 1048 1650 1093 oram
1672 1048 1712 1093 ac

372 1134 513 1219 primum
545 1152 603 1199 eae
631 1130 820 1199 referuntur
850 1132 976 1198 insulae
999 1152 1083 1215 qnae
1105 1132 1192 1199 inter
1214 1131 1383 1201 Euboeam
1406 1137 1440 1199 et
1462 1132 1605 1200 Ioerida
1627 1134 1710 1199 sitae

373 1243 463 1305 sunt:
479 1236 650 1319 Lichades,
668 1242 850 1321 sequuntur
865 1236 990 1304 insulae
1005 1243 1083 1304 ante
1098 1258 1190 1304 oram
1202 1238 1337 1308 Atticae
1352 1239 1540 1307 collocatae.
1564 1240 1711 1308 conversi

372 1348 475 1432 igitur
496 1345 618 1413 ordinis
641 1351 786 1413 tenemus
809 1346 956 1429 vestigia.
1002 1345 1035 1411 id
1059 1345 1146 1430 quod
1167 1344 1239 1412 fieri
1261 1366 1326 1413 non
1345 1347 1464 1431 potuit,
1486 1346 1550 1413 nisi
1565 1366 1713 1412 camora

372 1452 518 1520 insonte
542 1453 732 1519 coniunctae
753 1451 890 1517 fuissent
911 1451 1048 1520 insulae.

481 1559 524 1627 ab
540 1559 675 1625 Euboea
696 1563 728 1639 4,
742 1561 785 1629 63
808 1580 922 1625 rursus
938 1557 1104 1643 egreditur
1118 1557 1247 1625 Plinius
1269 1558 1313 1625 ad
1329 1558 1453 1625 insulas
1468 1559 1568 1625 maris
1584 1559 1712 1643 Aegaei

373 1666 571 1735 tractandas.
631 1665 719 1731 unde
755 1665 927 1750 respicitur
964 1686 1004 1731 ea
1029 1664 1136 1731 insula
1173 1665 1312 1751 saepius,
1348 1665 1406 1731 nbi
1437 1667 1597 1732 mensuris
1628 1667 1712 1731 situs

374 1772 534 1840 definitur.
581 1772 622 1838 cf.
646 1771 745 1837 etiam
766 1776 799 1850 4,
813 1775 855 1841 66
879 1782 962 1835 retra
985 1792 1051 1835 eom
1075 1771 1273 1858 (Euboeam)
1296 1774 1329 1836 iu
1352 1772 1472 1858 Myrtoo
1495 1772 1615 1839 multoe.

482 1879 558 1946 dein
579 1878 788 1963 repetitiones
820 1878 999 1945 certissimo
1030 1878 1216 1945 testimonio
1248 1899 1317 1945 esse
1351 1878 1470 1945 debent
1492 1878 1637 1945 Plinium
1669 1876 1711 1943 ab

376 1986 519 2053 auctoris
543 1985 612 2052 eius
635 2006 732 2069 quem
756 1985 951 2069 sequebatur
971 1984 1171 2069 primarium,
1196 1986 1309 2053 ordine
1330 1986 1503 2052 recessisse
1525 1989 1585 2051 aut
1611 1984 1712 2051 aliurn

374 2091 495 2158 iontem
527 2090 655 2157 adiisse.
704 2094 736 2170 4,
749 2091 792 2160 65
819 2090 945 2153 Aeaea
975 2112 1043 2153 cum
1074 2091 1186 2176 opprdo
1212 2090 1294 2157 abac
1319 2114 1339 2155 o
1369 2088 1511 2157 Goaeeto
1536 2081 1591 2155 Y:
1622 2093 1713 2171 4,68

378 2197 488 2265 eadem
498 2200 689 2281 repetuntur
700 2195 758 2263 sed
773 2196 841 2261 sine
854 2216 964 2263 sensu:
980 2197 1057 2259 inter
1066 2196 1224 2261 Euboeam
1234 2208 1262 2261 et
1272 2198 1416 2261 Andrum
1425 2190 1615 2284 chesaam
1628 2198 1713 2277 freti.

483 2301 534 2369 bis
564 2309 832 2371 commemoratur
863 2301 990 2369 Helene
1026 2323 1170 2387 quoque:
1203 2307 1234 2386 4,
1247 2306 1290 2375 62
1326 2303 1384 2370 ubi
1419 2304 1546 2372 insulae
1576 2306 1714 2371 Atticae

378 2409 597 2494 praeiacentes
619 2413 805 2475 tractantur
827 2446 870 2457 -
894 2407 947 2474 hic
969 2410 1051 2475 situs
1073 2411 1258 2477 accuratius
1280 2409 1443 2478 indicetur
1464 2450 1520 2491 —,
1543 2416 1575 2494 4,
1589 2413 1633 2481 68
1655 2410 1714 2477 nbi

377 2515 497 2582 nudum
529 2536 645 2582 nomen
677 2520 798 2597 exstat;
824 2514 940 2581 deinde
963 2514 1020 2581 Ios
1046 2521 1079 2596 4,
1097 2519 1150 2586 69.
1175 2518 1228 2585 71.
1256 2537 1295 2583 ac
1317 2516 1492 2601 descriptio
1523 2517 1595 2603 ipsa
1625 2522 1657 2598 4,
1669 2519 1713 2587 69

376 2622 563 2706 absolvitur,
596 2630 628 2707 4,
642 2629 684 2695 71
718 2624 851 2691 additur
881 2630 955 2709 post
986 2622 1113 2691 Therae
1144 2626 1383 2711 insularumque
1416 2626 1714 2693 circumiacentium

376 2730 626 2797 enarrationem:
650 2732 743 2795 dotat
764 2730 815 2795 Ioe
838 2754 857 2794 a
878 2730 975 2795 llere
995 2722 1107 2795 X—XV
1117 2754 1153 2817 p.
1200 2754 1265 2817 quo
1287 2732 1358 2799 loco
1377 2754 1442 2800 non
1458 2732 1713 2814 offenderem‚si

375 2859 468 2905 verse
493 2839 563 2905 vice
590 2840 731 2923 spatium
757 2839 965 2906 indicaretur.
1012 2846 1083 2905 tum
1105 2838 1212 2906 Oason
1235 2846 1269 2906 et
1290 2845 1322 2923 4,
1336 2844 1379 2912 69
1401 2846 1436 2907 et
1457 2845 1489 2922 6,
1504 2843 1568 2909 133
1596 2838 1713 2905 referri

376 2966 476 3031 supra
497 2946 650 3030 nonnil).
696 2945 775 3014 item
797 2944 924 3014 duobus
946 2946 1027 3013 locis
1048 2945 1090 3014 de
1106 2944 1207 3033 Scyro
1229 2946 1338 3032 agitur
1358 2953 1390 3031 4,
1404 2950 1457 3020 69.
1482 2950 1537 3028 72,
1560 2946 1602 3013 de
1616 2946 1713 3014 Icaro

376 3057 408 3132 4,
422 3055 475 3124 68.
499 3056 620 3134 5,135,
644 3074 727 3139 quae
750 3053 937 3120 iterationes
960 3073 1000 3120 ne
1022 3053 1168 3121 Plinium
1190 3054 1321 3140 quidem
1343 3055 1510 3140 ingerunt.

484 3180 575 3226 oram
598 3160 665 3226 fere
687 3160 809 3244 ubique
832 3161 949 3246 respici
971 3161 1007 3226 in
1029 3162 1095 3228 situ
1113 3162 1293 3228 insularum
1308 3159 1491 3228 definiendo
1506 3182 1571 3227 non
1585 3180 1712 3244 prem03

377 3265 434 3332 sed
456 3266 544 3352 quod
566 3268 686 3352 legitur
707 3272 738 3348 4,
753 3271 796 3337 73
819 3268 937 3333 summi
959 3268 1114 3335 momenti
1137 3275 1201 3335 est:
1225 3268 1264 3332 ob
1285 3291 1321 3334 ea
1343 3269 1457 3332 Thasos
1478 3257 1665 3332 liberaVT.
1681 3317 1713 3335 ..

377 3373 446 3437 iude
468 3372 593 3437 Abdera
618 3375 792 3438 maumas
813 3365 946 3448 XXIII
960 3374 1057 3438 Arios
1078 3366 1192 3439 ΠΗ
1207 3373 1253 3441 D.
1297 3375 1417 3459 quibus
1445 3374 1481 3439 in
1507 3373 1614 3440 verbis
1639 3391 1714 3457 pro·

377 3500 494 3545 nomen
516 3502 560 3562 eo,
585 3482 613 3546 si
635 3482 881 3562 grammaticam
903 3482 1062 3547 rationem
1085 3488 1241 3564 tenemus,
1264 3482 1398 3566 respicit
1417 3480 1459 3548 ad
1475 3478 1631 3560 Lemnon,
1656 3477 1715 3544 sed

377 3591 454 3652 tunc
475 3587 571 3671 plane
594 3607 691 3652 sensu
713 3607 808 3652 cassa
828 3607 980 3654 mensura
995 3593 1054 3654 est.
1093 3592 1203 3654 tamen
1218 3608 1391 3654 nnmerum
1409 3607 1472 3652 non
1487 3583 1714 3669 corrigendum

377 3693 529 3774 arbitror,
554 3694 611 3760 sed
629 3714 813 3760 mensuram
828 3693 1030 3760 referendam
1045 3693 1088 3759 ad
1103 3693 1264 3761 Thraciae
1278 3715 1380 3774 oram,
1397 3692 1440 3758 ad
1456 3712 1555 3775 quam
1569 3692 1714 3776 spatium

377 3798 459 3866 bene
492 3799 643 3884 quadrat.
688 3800 800 3884 itaque
831 3799 864 3864 in
898 3797 987 3866 fonte
1009 3800 1100 3867 Plini
1121 3799 1247 3867 Thasos
1269 3820 1335 3864 una
1366 3819 1441 3864 cum
1463 3796 1624 3862 Thraciae
1655 3815 1715 3861 ora

378 3905 542 3990 descripta
563 3910 644 3983 erat,
668 3902 711 3970 ad
734 3925 833 3988 quam
855 3904 981 3971 reditur
1000 3905 1157 3991 proximis
1172 3904 1292 3971 verbis:
1316 3905 1386 3968 inde
1400 3901 1525 3966 Abdero
1541 3901 1715 3965 maenus

377 4001 495 4076 YXTJ
512 4031 581 4096 eqs.
603 4011 662 4078 nbi
683 4013 918 4080 nominativum
940 4013 1036 4078 velim
1058 4011 1298 4078 animadvertas
1321 4009 1450 4093 (acea).

490 4126 567 4186 ante
590 4118 706 4186 Athon
728 4119 809 4186 IIII
840 4119 964 4187 insulae
994 4141 1063 4186 esse
1093 4120 1245 4186 dicuntur
1275 4124 1306 4203 4,
1317 4121 1371 4189 72.
1416 4136 1577 4202 quaenam
1604 4119 1715 4182 summ

378 4225 455 4291 illae
477 4226 551 4306 sint,
576 4245 617 4290 ex
632 4224 741 4292 Plinio
764 4226 896 4310 quidem
918 4247 983 4293 non
998 4231 1146 4311 apparet.
1184 4231 1366 4310 sequnntur
1392 4226 1478 4291 enim
1498 4223 1565 4288 tria
1582 4221 1716 4289 nomina

378 4329 558 4416 Peparethi
580 4329 705 4398 Sciathi
728 4332 831 4400 Imbri
856 4330 977 4400 additis
1000 4333 1160 4399 mensuris
1182 4354 1267 4417 quae
1289 4333 1379 4400 nullo
1405 4332 1502 4399 modo
1531 4331 1575 4397 ad
1597 4330 1716 4398 Athon

378 4436 492 4504 referri
513 4443 660 4523 possunt.
699 4438 905 4523 Peparethon
929 4441 1013 4506 enim
1040 4440 1083 4507 ab
1106 4461 1145 4506 eo
1167 4428 1234 4520 I'X,
1263 4439 1421 4508 Sciathos
1442 4439 1484 4504 ab
1508 4437 1620 4504 eodem
1641 4427 1716 4506 XV

379 4542 491 4610 abesse
512 4564 577 4610 non
599 4551 687 4612 recte
710 4544 839 4612 dicitur.
885 4545 943 4629 qui
965 4545 1092 4611 numeri
1115 4545 1195 4628 quin
1217 4545 1289 4611 sani
1311 4545 1377 4611 sint
1399 4565 1462 4612 non
1492 4544 1618 4627 dubito,
1647 4543 1714 4610 alio

378 4655 488 4718 tamen
510 4656 668 4736 spectant.
714 4650 877 4735 quadrant
900 4649 986 4716 enim
1009 4651 1139 4734 egregie
1160 4648 1205 4716 ad
1219 4649 1425 4717 intervallum
1439 4650 1527 4736 quod
1542 4647 1716 4716 intercedit

488 4828 510 4899 ²)
537 4827 567 4881 in
585 4826 685 4882 Cretae
712 4827 897 4897 descriptione
919 4825 1063 4882 Rhamnus
1090 4825 1224 4896 oppidum
1251 4825 1281 4880 in
1307 4825 1509 4881 mediterraneo
1532 4825 1616 4880 situm
1639 4841 1714 4878 com·

379 4919 549 4970 memoratur
574 4917 601 4983 4,
621 4917 668 4986 59;
696 4919 794 4986 postea
821 4917 848 4985 4,
867 4917 900 4972 61
930 4915 1020 4970 insula
1047 4913 1172 4971 Ramnes
1198 4915 1245 4970 vix
1268 4915 1386 4984 divers,
1413 4913 1463 4970 sed
1486 4930 1505 4968 a
1526 4912 1618 4968 Plinio
1642 4911 1716 4967 male

379 5009 533 5076 regregata.

487 5092 671 5166 dmpffi
