4275 6025
1100 697 1162 762 192

464 908 568 975 multa
590 929 660 974 esse
682 907 771 992 apud
792 907 947 987 Plinium,
976 927 1061 992 quae
1090 928 1156 973 non
1187 907 1293 974 solum
1315 907 1411 974 aliter
1433 914 1594 994 concepta
1619 907 1691 972 sint
1714 909 1816 991 atque

465 1015 554 1102 apud
576 1014 740 1100 Heptalou
763 1020 938 1093 auctorem,
962 1014 1019 1080 sed
1039 1015 1139 1081 etiam
1153 1035 1237 1099 quas
1251 1015 1285 1080 in
1302 1014 1454 1100 Περίπλῳ
1465 1015 1562 1101 plane
1579 1012 1818 1080 desiderentur

464 1128 498 1190 et
520 1127 630 1189 tamm
652 1122 834 1188 necessaria
856 1127 891 1187 et
912 1122 1052 1206 genuina
1074 1142 1144 1187 esse
1159 1121 1338 1188 videantur.
1370 1122 1460 1188 velut
1474 1122 1668 1189 accuratius
1685 1118 1817 1186 Plinius

463 1235 591 1314 tempus
620 1247 686 1311 quo
715 1227 862 1312 navigari
892 1225 1019 1293 solebat
1050 1227 1303 1293 circumscribit:
1333 1239 1401 1292 anm
1433 1225 1525 1292 Canis
1554 1237 1663 1291 crtum
1695 1235 1753 1289 ast
1778 1223 1817 1288 ab

465 1344 570 1400 morbi
587 1334 735 1420 μοείηω.
771 1337 886 1398 contra
906 1331 963 1397 ille
985 1331 1062 1416 περὶ
1083 1331 1140 1397 τὸν
1157 1326 1293 1396 Ἰούλιον
1311 1338 1394 1420 μῆνα
1410 1330 1446 1411 ὅς
1460 1329 1545 1399 ἐστιν
1559 1328 1699 1418 'Eretum
1741 1331 1817 1397 dein

465 1439 628 1505 tricesimo
661 1437 714 1503 die
736 1436 863 1505 Ocelim
893 1437 1003 1504 venire
1025 1444 1153 1512 nautas,
1180 1437 1256 1504 inde
1278 1437 1390 1504 diebus
1413 1437 1482 1504 XL
1505 1440 1548 1506 ad
1571 1441 1726 1525 primum
1751 1459 1818 1502 em-

464 1545 590 1630 porium
622 1543 738 1611 Indiae
761 1542 923 1620 Muzirim,
956 1542 1213 1609 commodissime
1244 1549 1354 1610 autem
1384 1545 1426 1611 ab
1450 1543 1543 1612 Oceli
1566 1545 1708 1630 egredi:
1734 1541 1819 1608 nihil

466 1650 581 1717 borum
604 1651 693 1736 upud
716 1669 910 1734 anonymum
932 1648 1103 1718 invenitur.
1146 1647 1272 1715 accedit
1294 1649 1381 1734 quod
1404 1649 1531 1717 Plinius
1555 1653 1588 1716 in
1614 1652 1693 1735 ipso
1718 1650 1817 1715 initio

466 1757 556 1823 aliud
579 1757 643 1822 iter
666 1754 821 1821 describit
851 1753 895 1820 sb
918 1752 1122 1822 Alexandria
1144 1753 1286 1839 (loptum
1316 1763 1349 1822 et
1370 1757 1445 1823 inde
1467 1779 1526 1843 per
1548 1757 1688 1824 deserta
1714 1756 1819 1822 Bere-

465 1861 607 1945 nicen¹):
637 1881 815 1945 anonymus
845 1881 867 1925 a
888 1858 1096 1945 Myosbormo
1119 1861 1258 1946 navigat.
1305 1860 1444 1948 denique
1466 1865 1495 1929 si
1517 1863 1647 1931 Plinius
1673 1863 1819 1929 alterius

466 1988 598 2054 quoqne
620 1966 726 2033 Rubri
750 1967 848 2032 maris
869 1987 946 2032 orae
961 1981 1030 2032 tam
1045 1973 1231 2033 accuratam
1248 1967 1493 2054 descriptionem
1509 1968 1649 2052 legisset,
1679 1970 1819 2055 qualem

469 2091 647 2158 anonymus
670 2073 820 2151 servavit,
843 2093 950 2138 nonne
972 2075 1068 2157 putas
1100 2093 1173 2138 eum
1196 2072 1352 2139 ambabus
1375 2074 1524 2140 manibus
1546 2075 1652 2160 ipsam
1678 2095 1818 2161 quoque

468 2187 675 2264 arrepturum
705 2176 814 2256 fuisse,
846 2184 885 2243 ut
917 2177 1016 2243 etiam
1038 2176 1079 2242 de
1102 2178 1292 2244 occidentali
1316 2200 1374 2244 ora
1396 2180 1464 2245 eius
1487 2182 1585 2246 maris
1608 2205 1716 2268 quam
1742 2181 1819 2247 dili·

467 2288 655 2372 gentissime
685 2283 862 2372 proderet?
908 2306 992 2370 quae
1019 2307 1094 2351 oum
1116 2288 1164 2352 ita
1186 2286 1260 2369 sint,
1286 2285 1519 2354 Schwanbecki
1543 2290 1733 2354 sententiae
1758 2287 1815 2352 ad·

467 2394 620 2481 stipulari
642 2414 777 2478 nequeo,
803 2391 860 2458 sed
883 2392 1025 2458 Plinium
1048 2392 1161 2460 eadem
1188 2393 1239 2460 vel
1263 2393 1360 2460 simili
1383 2396 1622 2479 negotiatorum
1645 2394 1817 2460 relatione

470 2523 563 2567 usum
578 2521 649 2567 esse
665 2521 732 2584 qua
745 2519 940 2583 anonymum
952 2498 1090 2565 bliillero
1105 2498 1277 2576 adsentior,
1296 2521 1493 2584 quamquam
1509 2521 1550 2566 ne
1561 2500 1657 2566 buius
1671 2499 1815 2586 quidem

467 2606 509 2672 de
532 2607 676 2673 auctoris
699 2613 806 2671 aetate
828 2605 1012 2688 opinionem
1034 2610 1156 2671 temere
1178 2607 1353 2691 approbari
1368 2607 1473 2683 velim,
1498 2617 1674 2692 postquam
1691 2614 1816 2672 contra

469 2733 543 2777 cum
566 2711 746 2796 disputavit
767 2708 1019 2791 Dillmannus²).
1064 2719 1173 2777 tamen
1203 2712 1257 2778 hic
1290 2734 1374 2798 quae
1402 2715 1487 2778 ratio
1513 2715 1599 2779 inter
1621 2715 1816 2801 Περίπλουν

467 2827 502 2885 et
521 2817 666 2884 Plinium
689 2817 914 2896 intercederet,
939 2819 1067 2884 omuino
1090 2839 1154 2884 non
1177 2820 1345 2903 quaesivit,
1370 2819 1426 2884 sed
1442 2817 1692 2886 Schwanbeckio
1709 2820 1814 2886 fidem

470 2926 595 3008 habuit,
620 2925 676 3010 qui
698 2924 720 2992 l.
737 2923 759 2995 l.
782 2947 815 3010 p.
833 2928 897 2994 337
921 2923 1100 3010 Περίπλουν
1122 2925 1164 2990 ab
1193 2946 1257 2990 uno
1280 2935 1412 2992 auctore
1435 2929 1491 3011 qui
1514 2927 1584 3013 ipse
1606 2927 1664 2992 illa
1688 2929 1815 2994 itinera

470 3035 668 3116 coniecisset,
691 3034 903 3118 compositum
927 3053 997 3098 esse
1018 3031 1182 3097 iudicavit.
1213 3033 1267 3097 cui
1286 3035 1428 3117 opinioni
1445 3036 1589 3117 quamvis
1605 3055 1668 3100 non
1685 3035 1814 3119 possim

468 3141 677 3226 applaudere,
710 3146 820 3204 tamen
852 3139 887 3203 iu
909 3157 1061 3222 praeseus
1085 3137 1126 3203 de
1149 3158 1188 3203 ea
1211 3137 1367 3204 disserere
1390 3159 1454 3204 non
1485 3140 1611 3206 attinet.
1658 3139 1812 3205 Plinium

467 3254 575 3314 autem
599 3267 640 3311 ex
662 3246 815 3330 Περίπλῳ
837 3265 901 3311 non
924 3244 1068 3311 hausisse
1091 3244 1266 3311 tenendum
1290 3244 1390 3329 est⁸).

579 3456 601 3524 ¹)
620 3454 746 3524 proxime
767 3452 876 3508 secedit
899 3453 963 3509 ltin.
982 3456 1086 3510 Anton.
1110 3472 1136 3523 p.
1156 3457 1209 3511 172
1228 3454 1318 3511 Wess.
1341 3474 1369 3526 p.
1388 3458 1422 3512 76
1445 3454 1523 3511 P.·P.
1547 3456 1620 3525 quod
1645 3456 1812 3513 adscribere

469 3561 524 3599 non
544 3559 776 3623 supervacaneum
794 3542 885 3598 visum
903 3549 946 3597 est
964 3549 996 3598 ut
1013 3544 1089 3600 Plini
1107 3545 1178 3600 ratio
1196 3546 1390 3616 perspiciatur:

577 3630 664 3701 Copto
682 3630 811 3687 Metire
851 3673 858 3687 .
897 3676 904 3689 .
942 3673 956 3691 ,Α
986 3675 1350 3690 .........
1369 3637 1423 3692 258
1442 3653 1516 3705 mp.
1552 3637 1605 3691 257
1625 3635 1697 3725 Pbm

576 3737 748 3794 Poenicum
766 3740 795 3811 (i.
816 3741 966 3812 Φοινίκων)
986 3780 1350 3800 .........
1387 3742 1420 3796 24

575 3827 691 3883 Didima
720 3868 1351 3887 ...............
1388 3832 1422 3886 21

576 3914 703 3983 Assidito
719 3916 815 3987 (i-tesl
853 3956 1351 3975 ............
1388 3920 1424 3975 24

578 4001 707 4072 Compasi
720 4044 1350 4075 ...............
1388 4010 1423 4063 22

468 4132 473 4139 ι
576 4091 650 4149 Iovis
666 4092 752 4160 (Dios
770 4091 838 4148 Pub.
858 4094 937 4150 Peut.
957 4094 1038 4165 Rev.)
1075 4135 1083 4151 .
1121 4140 1128 4153 .
1164 4142 1171 4157 .
1209 4136 1216 4152 .
1254 4133 1261 4151 .
1298 4137 1306 4153 .
1342 4138 1350 4152 .
1387 4096 1421 4151 23

577 4182 719 4239 Aristonis
737 4181 847 4252 (Xeron
864 4182 932 4239 st.
951 4183 1032 4239 Peut.
1043 4190 1080 4239 et
1099 4186 1200 4255 (iacgr.
1214 4185 1349 4256 Ravenn.)
1387 4188 1421 4241 28

576 4270 697 4327 Falacro
722 4309 1352 4333 ...............
1389 4278 1423 4333 25

577 4360 725 4431 Apollonos
765 4400 1350 4421 ..............
1388 4365 1421 4420 23
1553 4365 1605 4419 184

579 4448 692 4505 Cabalsi
722 4488 1351 4509 ...............
1388 4453 1423 4507 27

579 4537 670 4593 Genea
687 4538 837 4610 hydreuma
857 4539 884 4609 li.
920 4537 1011 4610 αινόν)
1031 4578 1350 4595 ........
1387 4540 1421 4595 27
1551 4540 1603 4595 236
1623 4538 1670 4611 (11)

577 4624 730 4683 Beronices
760 4666 1347 4689 ..............
1385 4631 1420 4685 18

472 4714 583 4770 easdem
602 4715 735 4770 stationes
754 4717 886 4772 exhibent
904 4718 1005 4787 (iacgr.
1024 4716 1151 4775 Ravenn.
1169 4719 1224 4789 2,7
1242 4736 1270 4788 p.
1290 4720 1332 4783 69,
1352 4719 1415 4787 dsq.
1434 4716 1511 4773 P.·P.
1531 4722 1558 4771 et
1576 4716 1643 4773 st.
1663 4716 1743 4773 Pent.

580 4802 602 4873 ἱ)
621 4801 858 4867 llonatsberiohte
876 4808 926 4863 der
944 4806 1016 4862 Berl.
1032 4807 1123 4864 Akad.
1137 4810 1206 4865 1879
1225 4826 1252 4878 p.
1265 4809 1417 4865 413-429.
1435 4808 1480 4861 cui
1498 4808 1581 4877 plane
1599 4807 1753 4862 adsentitur
1771 4804 1805 4864 B.

472 4887 623 4957 Fabricius,
642 4888 691 4945 der
707 4890 838 4962 Periplus
856 4892 903 4947 des
921 4892 1142 4965 eryttruciacleu
1159 4894 1277 4951 Messes.
1317 4894 1428 4962 Leipzig
1448 4894 1517 4951 1883
1537 4912 1562 4962 p.
1583 4894 1626 4949 27.

580 4980 601 5050 ⁸)
620 4979 709 5048 6,100
727 4980 801 5035 haud
819 4981 877 5035 scio
889 4998 924 5036 sn
938 4982 1114 5038 scribendum
1133 4985 1170 5039 sit
1186 4976 1279 5055 [XII-ll
1295 4973 1420 5051 fflV,
1427 4987 1458 5036 ut
1471 4984 1527 5037 sint
1539 4982 1631 5039 11000
1644 4980 1805 5036 stadiorum.

471 5084 560 5138 neque
578 5068 652 5123 enim
670 5070 819 5123 aestimant
837 5070 930 5126 10660
948 5075 997 5124 sut
1015 5071 1109 5126 10680
1122 5070 1220 5127 stadis.
1248 5078 1344 5127 contra
1362 5071 1451 5136 6,110
1463 5071 1586 5126 codicem
1598 5070 1623 5125 1⁴}
1636 5069 1806 5140 sequendum
