4275 6025
1004 745 1045 809 17

356 954 614 1039 explicationem.
670 972 746 1016 nam
780 971 864 1037 quae
904 951 1126 1034 diligentiores
1162 951 1370 1021 tradiderunt
1405 953 1550 1041 (3,128)
1587 953 1696 1022 affert.

358 1081 558 1145 quamquam
580 1060 642 1125 boo
664 1057 735 1124 loco
756 1079 822 1124 non
845 1056 949 1123 ausim
973 1058 1160 1137 diiudicare,
1183 1065 1293 1125 utrum
1309 1060 1443 1146 Nepotis
1463 1062 1695 1128 correctionem

359 1166 525 1233 addiderit
546 1165 588 1232 de
610 1165 674 1231 alio
697 1166 855 1250 scriptore
878 1185 921 1230 an
948 1185 1020 1230 eam
1043 1185 1117 1230 oum
1140 1164 1277 1250 Nepotis
1301 1168 1463 1234 sententia
1489 1168 1694 1235 coniunctam

357 1275 527 1344 invenerit.

465 1401 561 1466 porro
578 1403 615 1448 ea
631 1402 715 1466 quae
730 1379 771 1447 de
785 1379 1020 1464 Transpadana
1034 1379 1166 1464 regione
1181 1385 1367 1462 narrantur,
1388 1381 1560 1446 maximam
1578 1382 1695 1447 saltem

359 1492 488 1572 partem
515 1488 577 1573 ipsi
599 1487 721 1572 Nepoti
748 1486 860 1553 deberi
882 1487 1060 1553 communis
1090 1485 1219 1552 videtur
1248 1506 1317 1552 esse
1347 1488 1466 1571 opinio,
1499 1485 1539 1552 ef.
1561 1486 1697 1553 Mtinaer

355 1592 381 1658 l.
406 1593 427 1659 l.
451 1615 481 1677 p.
505 1596 579 1664 335.
626 1596 679 1661 cui
702 1594 852 1678 equidem
874 1615 938 1660 non
960 1601 1082 1659 temere
1104 1593 1256 1660 accedere
1278 1593 1376 1659 selim
1385 1594 1421 1681 1),
1446 1594 1523 1660 licet
1549 1614 1622 1659 eum
1653 1583 1703 1660 de*

360 1699 410 1764 his
432 1701 635 1785 potissimum
657 1701 843 1785 regionibus
867 1721 887 1766 a
910 1699 1017 1765 Plinio
1040 1698 1225 1764 adhibitum
1247 1697 1423 1765 admodum
1444 1720 1504 1784 per
1526 1720 1561 1765 se
1584 1701 1695 1765 verisi-

358 1806 435 1872 mile
458 1808 501 1874 sit
522 1814 658 1894 propter
680 1829 720 1874 ea
742 1829 826 1893 quae
849 1811 912 1888 3,1
937 1808 1106 1892 proposita
1127 1813 1213 1875 sunt.
1259 1814 1369 1874 tamen
1391 1813 1503 1874 utrum
1524 1807 1587 1892 ipsi
1615 1807 1697 1874 baec

356 1913 540 1981 debeantur
563 1937 606 1982 an
628 1915 693 1981 alio
715 1913 932 1980 intercedente
954 1913 997 1978 ad
1019 1912 1163 1978 Plinium
1186 1913 1398 1998 pervenerint,
1427 1913 1514 1980 infra
1536 1934 1696 1997 quaeren-

355 2019 438 2085 dum
461 2026 518 2086 est.

464 2125 556 2190 nulla
577 2146 653 2190 sero
677 2144 712 2188 re
735 2123 897 2188 indicatur
919 2123 983 2189 alio
1006 2123 1190 2189 intermisso
1212 2124 1256 2189 ad
1279 2125 1418 2192 eundem
1433 2127 1541 2193 redire
1557 2148 1596 2194 ea
1611 2149 1697 2213 quae

361 2237 393 2314 4,
407 2234 450 2299 77
488 2237 563 2315 post
595 2231 733 2295 aliorum
768 2230 945 2295 sententias
976 2229 1228 2314 adsperguntur:
1264 2229 1368 2316 Nepos
1403 2231 1556 2298 Cornelias
1588 2224 1698 2298 C—CCZ

360 2337 465 2402 odio-it.
519 2356 580 2421 qno
620 2335 660 2400 de
698 2336 769 2402 loco
804 2341 891 2402 recte
935 2335 1058 2402 iudicat
1096 2333 1334 2402 Oebmiohenus
1367 2337 1452 2407 Ptin.
1485 2339 1574 2404 Stad.
1610 2344 1697 2410 1880

362 2463 394 2527 p.
413 2448 464 2511 14.
503 2443 601 2508 simili
623 2442 729 2507 forma
752 2440 879 2508 dicendi
902 2463 978 2506 usus
1001 2448 1051 2508 est
1073 2440 1200 2506 Plinius
1224 2444 1288 2521 6,b
1312 2465 1371 2529 qno
1394 2444 1455 2508 loco
1470 2444 1582 2507 Enetos
1605 2447 1697 2509 aaut

360 2548 464 2634 Nepos
480 2547 638 2624 Cornelios,
662 2571 682 2612 c
704 2549 812 2634 quibas
834 2549 866 2611 in
888 2547 981 2611 Italia
1004 2559 1082 2611 ortos
1106 2549 1291 2632 cognomines
1313 2571 1415 2613 eoram
1448 2550 1567 2614 Venetos
1590 2551 1698 2616 XXX

357 2658 476 2721 orestem
493 2655 626 2741 potart).
673 2676 731 2720 neo
753 2655 860 2732 minus
883 2652 1048 2720 evidenter
1062 2660 1200 2737 apparet
1220 2657 1251 2740 6,
1262 2657 1303 2722 31
1320 2652 1459 2739 Nepotis
1479 2656 1695 2723 testimonium

360 2784 431 2829 esse
452 2764 623 2829 insertum:
648 2761 745 2847 clipei
765 2763 843 2825 inter
864 2762 995 2825 Ponam
1018 2772 1044 2825 et
1064 2759 1211 2846 Caspium
1233 2784 1317 2826 neore
1343 2753 1555 2826 CCCLXXV
1578 2785 1613 2849 p.
1637 2785 1698 2828 non

359 2869 491 2954 amplias
513 2869 652 2932 interesse
674 2869 872 2946 tradiderunt,
899 2865 1049 2932 Cornelius
1072 2867 1176 2954 Nepos
1200 2859 1293 2934 CCI]

466 2981 537 3041 tum
561 2977 591 3055 6,
606 2977 669 3047 199
694 2996 823 3061 quoque
838 2975 977 3061 Nepotis
992 2975 1093 3042 verba
1107 2976 1141 3040 in
1157 2975 1320 3061 reliquum
1334 2980 1521 3043 contextum
1536 2976 1698 3045 inculcata

358 3102 431 3147 esse
447 3083 564 3147 elucet:
580 3082 750 3147 Hannonis
767 3082 946 3149 doctrinam
961 3081 1046 3147 male
1057 3082 1257 3147 intellectam
1269 3088 1303 3147 et
1314 3081 1397 3147 male
1409 3089 1538 3150 auctam
1550 3083 1696 3168 protulit.

357 3185 488 3255 Plinius
510 3209 586 3255 vero
610 3187 689 3255 adeo
712 3210 776 3255 non
791 3187 975 3272 fragments
990 3189 1123 3265 consuit,
1148 3194 1186 3253 ut
1201 3187 1373 3272 Polybium
1388 3189 1475 3254 idem
1489 3190 1698 3256 intervallum

360 3295 477 3360 testari
506 3316 544 3361 ac
574 3293 735 3382 Nepotem
766 3316 840 3362 eum
870 3294 1007 3379 fugeret.
1052 3296 1123 3379 ipse
1155 3296 1240 3360 enim
1272 3294 1428 3379 Polybius
1461 3295 1550 3361 mille
1582 3317 1698 3381 passus

360 3400 448 3466 idem
475 3402 637 3488 plerisque
667 3402 775 3469 valere
807 3402 894 3486 quod
925 3415 996 3468 oeto
1027 3402 1134 3467 stadia
1165 3401 1430 3487 pronuntiavit⁸).
1483 3402 1567 3468 falso
1597 3403 1699 3485 igitur

359 3528 447 3593 quae
470 3510 583 3575 eadem
606 3516 691 3589 sunt,
719 3509 784 3576 sibi
812 3516 1027 3594 opponuntur.
1074 3530 1152 3593 ergo
1179 3508 1297 3594 Polybi
1329 3509 1427 3576 verba
1457 3531 1531 3575 cum
1558 3510 1698 3593 Nepotis

362 3636 427 3681 non
458 3615 548 3681 fuere
578 3616 759 3684 coniuncta.
814 3617 870 3682 sed
901 3617 987 3702 apud
1019 3616 1107 3682 bunc
1128 3615 1298 3683 Hannonis
1329 3622 1363 3683 et
1395 3616 1512 3701 Polybi
1551 3617 1699 3684 doctrina

360 3740 483 3787 conexa
517 3721 589 3802 fuit,
630 3729 739 3788 tamen
772 3745 851 3789 num
884 3724 954 3808 ipse
989 3722 1222 3807 conglutinarit
1256 3723 1432 3789 admodum
1468 3723 1603 3789 dubium
1638 3731 1697 3795 est.

361 3829 481 3895 similia
505 3834 570 3912 5,4
598 3830 627 3895 ei
656 3827 858 3895 tribuuntur:
891 3831 990 3893 minus
1018 3830 1326 3914 proseotomirentur
1351 3839 1527 3914 portentose
1554 3826 1699 3895 Graecae

359 3937 517 3998 mendacio
550 3937 586 3999 de
619 3935 664 3999 dis
697 3946 725 3999 et
757 3958 844 4000 amne
876 3934 957 3999 Lico
988 3938 1120 4022 prodito,
1155 3936 1210 4021 qni
1242 3936 1369 4019 eopitent
1399 3944 1513 3997 nostros
1546 3956 1699 4021 nuperque

358 4041 453 4127 paulo
492 4044 594 4106 minus
634 4044 819 4131 monstrifica
861 4044 1009 4129 precedam
1052 4044 1089 4106 de
1132 4044 1237 4106 instem
1279 4041 1447 4114 tradidisse,
1485 4043 1699 4127 praevalidam

362 4151 440 4214 benc
475 4150 579 4213 urbem
612 4153 814 4237 maioremque
848 4172 958 4235 mcpnc
997 4148 1188 4233 Carttcpine
1221 4159 1375 4234 proceres
1408 4170 1445 4213 aa·
1475 4150 1600 4214 adverso
1636 4154 1699 4215 eins

358 4258 453 4319 sitam
484 4268 510 4320 et
534 4279 631 4343 prope
659 4260 793 4322 inmenso
823 4268 918 4321 tracta
948 4257 987 4320 ab
1021 4256 1122 4342 Tinpi,
1158 4277 1292 4342 quaeqae
1321 4254 1385 4318 edic
1418 4253 1570 4320 Cornelim
1596 4256 1699 4343 Nepos

359 4365 531 4429 avidissime
560 4366 694 4430 eredidit.
748 4363 911 4432 Graecum
941 4364 1042 4447 igitur
1072 4370 1237 4429 auctorem
1259 4362 1399 4446 Nepotis
1429 4384 1494 4429 nna
1524 4384 1598 4429 eum
1628 4365 1698 4449 ipso

362 4468 490 4537 Plinius
528 4472 702 4557 vituperat,
748 4492 843 4556 quem
881 4470 1056 4537 Eudoxum
1098 4471 1206 4555 potins
1245 4490 1344 4553 quam
1382 4467 1555 4554 Polybium
1599 4470 1699 4538 fuisse

361 4576 414 4643 vel
443 4585 577 4664 propter
609 4579 829 4664 castigationis
860 4577 1072 4644 acerbitatem
1103 4577 1275 4642 verisimile
1306 4584 1365 4645 est.
1421 4599 1493 4643 cum
1526 4584 1591 4657 aa
1623 4598 1698 4645 vero

359 4683 588 4766 coniungenda
610 4693 686 4753 sunt
708 4705 792 4770 quae
808 4688 838 4763 5,
851 4687 872 4753 8
888 4683 1054 4768 leguntur:
1074 4682 1166 4771 suere
1181 4695 1209 4748 et
1222 4682 1387 4748 Hannonis
1406 4682 1700 4769 Oerttopiniensium

360 4852 575 4865 *ἡ

472 4953 491 5017 ι)
510 4968 565 5019 qus
583 4951 618 5006 de
636 4967 666 5006 re
683 4950 757 5006 intra
775 4966 896 5021 agsmm

472 5040 493 5109 ⁸)
512 5039 547 5094 de
565 5039 684 5095 lectione
701 5038 776 5095 infra
794 5038 1005 5110 disputabimus.

473 5129 492 5195 'J
511 5128 537 5196 3,
547 5128 590 5195 39,
600 5130 626 5199 8,
644 5129 725 5184 aliter
743 5127 868 5198 34,12,3
887 5127 987 5198 (Strab.
1007 5128 1082 5197 323).

416 5225 508 5277 Klots,
522 5226 665 5277 caenosas·
678 5226 800 5269 Pllnlaaas.
