4275 6025
1036 719 1100 782 166

961 809 1175 817 ——-—.-

402 925 637 1012 Bitlyaa'amqaa
662 928 881 992 61616ηηί6666.
926 928 1105 994 Asiaticum
1128 935 1239 994 autem
1261 950 1351 994 mare
1375 928 1526 1013 Agrippa
1549 950 1612 994 non
1636 929 1734 1005 novit,

399 1032 455 1114 qui
486 1054 558 1098 cum
588 1034 685 1116 uulgo
712 1033 883 1118 Aegaeum
914 1040 990 1099 ante
1017 1055 1092 1099 oras
1119 1035 1221 1100 Asiae
1249 1041 1427 1119 nuncupat:
1451 1035 1492 1102 cf.
1515 1034 1600 1102 Plin.
1624 1039 1733 1115 5102

402 1136 502 1204 Divis.
529 1142 581 1209 16.
627 1138 813 1224 Agrippeae
836 1145 946 1205 autem
968 1139 1134 1206 divisionis
1157 1161 1255 1223 quam
1277 1146 1411 1224 propter
1427 1141 1490 1204 viri
1506 1141 1734 1207 auctoritatem

398 1243 524 1312 Plinius
547 1247 696 1312 omittere
718 1246 833 1326 noluit,
856 1252 987 1330 praetor
1010 1247 1097 1310 hunc
1119 1246 1224 1312 locum
1247 1251 1318 1311 tota
1340 1245 1557 1329 descriptione
1579 1267 1640 1312 nec
1661 1249 1733 1312 vola

399 1373 458 1418 nac
480 1355 660 1438 vestigium,
685 1354 747 1418 nisi
770 1353 858 1438 quod
881 1375 947 1418 una
970 1374 1010 1418 ex
1030 1374 1069 1418 ea
1085 1375 1235 1419 mensura
1251 1355 1282 1430 6,
1296 1355 1339 1421 24
1354 1354 1494 1436 repetita
1509 1373 1579 1418 esse
1592 1351 1732 1422 videtur.

398 1480 472 1524 nam
496 1461 541 1527 ibi
563 1461 663 1526 verba
685 1462 786 1546 itaque
808 1462 852 1524 ila·
873 1461 1025 1544 lonpitado
1048 1461 1142 1523 Asiae
1161 1451 1254 1545 lXTll
1278 1449 1313 1521 ἶ
1330 1459 1426 1543 efficat,
1451 1459 1575 1522 latitudo
1591 1450 1730 1538 D—(TXT,

399 1568 546 1648 quamvis
569 1567 731 1652 particula
753 1570 854 1654 itaque
876 1568 1025 1650 coniungi
1049 1566 1220 1632 videantur
1242 1587 1314 1630 cum
1338 1565 1615 1644 antecedentibus,
1639 1574 1732 1632 extra

398 1672 577 1739 Armeniae
601 1675 847 1758 descriptionem
871 1676 977 1758 posita
997 1680 1081 1739 sunt.
1116 1673 1300 1738 efficiuntur
1314 1679 1422 1738 autem
1439 1672 1487 1736 illi
1503 1675 1628 1739 numeri
1647 1677 1732 1744 1260

398 1782 520 1849 01640
550 1781 669 1846 additis
699 1782 832 1864 singulis
855 1783 911 1866 qui
935 1785 1042 1863 6,102
1069 1788 1294 1865 proponuntur
1317 1780 1369 1861 (cf.
1395 1778 1471 1847 Diu.
1495 1781 1565 1847 orb.
1590 1783 1642 1863 16,
1657 1782 1729 1867 m:

639 1887 723 1972 long.
748 1888 850 1975 470¹)
1011 1888 1068 1954 lat.
1093 1892 1159 1957 3⁶20

749 1998 813 2064 676
1092 1996 1156 2062 325
1181 1996 1259 2074 (320
1281 1993 1334 2057 hic
1355 1991 1478 2077 Dicuil)

728 2142 791 2204 104
1105 2140 1156 2204 ’46

394 2260 458 2303 606
489 2240 584 2324 plane
617 2240 721 2306 eidem
752 2143 902 2306 66666661
931 2242 1067 2321 numeri,
1092 2142 1160 2306 bsed
1191 2240 1355 2306 simillimi.
1400 2241 1512 2325 itaque
1544 2240 1728 2306 alibrariis

393 2345 518 2430 aliquid
540 2353 706 2431 peccatum
730 2369 798 2412 essa
821 2349 901 2413 mihi
923 2349 1079 2432 persuasi.

505 2459 607 2518 restat
639 2454 898 2538 supplementum
930 2453 1046 2536 611661)
1080 2453 1167 2537 quod
1194 2453 1278 2518 inter
1300 2452 1480 2536 periegesin
1502 2452 1727 2535 interpositum

393 2579 462 2624 6660
494 2581 593 2644 supra
624 2563 816 2627 monuimus.
863 2560 949 2645 quod
973 2560 1014 2624 ab
1037 2581 1076 2625 eo
1099 2561 1238 2625 alienum
1263 2566 1313 2624 est
1335 2560 1387 2624 cui
1411 2563 1440 2641 5,
1458 2561 1500 2627 95
1523 2558 1630 2623 altera
1651 2581 1728 2642 pars

392 2665 542 2732 debetur:
567 2689 642 2733 nam
664 2669 710 2733 ibi
733 2667 853 2752 Milyas
875 2668 939 2732 iam
963 2667 1185 2733 absolvuntur.
1232 2687 1369 2751 quorum
1392 2665 1512 2749 oppida
1534 2664 1672 2730 Podalia
1695 2673 1728 2730 et

392 2769 517 2835 Choma
539 2772 591 2836 hic
614 2780 853 2843 enumerantur.
900 2772 1048 2856 equidem
1072 2771 1160 2836 haud
1184 2773 1250 2836 scio
1267 2793 1309 2835 an
1325 2771 1408 2836 duae
1424 2771 1521 2836 series
1537 2773 1727 2855 oppidorum

392 2885 518 2943 exstent
541 2878 583 2943 ad
606 2900 739 2962 graecas
762 2879 889 2945 litteras
912 2879 1098 2963 dispositae:
1125 2877 1233 2961 Canas,
1259 2876 1434 2962 Caadybass)
1458 2877 1589 2940 Podalia
1613 2875 1727 2942 Choma

392 2989 425 3049 et
446 2984 701 3049 Aacaada‘aadalis
723 2984 849 3050 Amelaa
872 2983 1058 3070 Noscopiam
1085 2983 1157 3048 Teos
1182 2983 1393 3067 Talandrum).
1440 2983 1528 3067 quod
1560 2985 1589 3049 si
1616 3006 1726 3051 verum

393 3098 443 3155 661
466 3092 506 3157 66
528 3093 655 3159 Isidoro
671 3100 803 3159 auctore
819 3093 968 3159 dubitare
984 3115 1047 3157 non
1063 3092 1147 3156 16001.
1192 3113 1291 3156 unum
1306 3098 1393 3156 recte
1409 3098 1519 3157 monet
1533 3090 1689 3158 06616666
1697 3094 1724 3180 ⁶)

391 3198 526 3263 alteram
551 3221 633 3283 quae
656 3202 755 3265 etiam
778 3200 819 3265 ad
842 3200 944 3265 latina
961 3200 1120 3265 elementa
1135 3198 1285 3284 quadrat,
1309 3220 1330 3261 a
1344 3198 1465 3262 tabulis
1481 3200 1635 3264 censoriis
1650 3221 1723 3284 pro·

390 3302 443 3391 cul
465 3302 647 3369 habendam
670 3326 748 3371 esse.
794 3327 869 3370 nam
884 3304 978 3389 Lycii
1000 3326 1103 3388 usque
1127 3303 1169 3369 ad
1192 3326 1313 3369 annum
1335 3308 1378 3371 44
1393 3326 1425 3388 p.
1443 3302 1520 3369 Ohr.
1538 3304 1724 3370 libertatem
1849 3352 1852 3355 -

389 3408 606 3475 obtinuerunt.

501 3514 656 3583 06661660
679 3525 788 3583 autem
812 3518 931 3603 oppida
950 3518 1036 3602 quod
1052 3539 1116 3583 non
1131 3517 1307 3583 secundum
1322 3516 1450 3583 litteras
1465 3516 1622 3601 disposita
1637 3526 1722 3601 sunt,

388 3621 525 3688 fortasse
547 3630 683 3708 propter
697 3626 895 3709 paucitatem
910 3624 1032 3689 factum
1049 3630 1106 3689 est.
1146 3631 1212 3688 tres
1228 3624 1314 3687 enim
1329 3631 1456 3688 tantum
1478 3632 1721 3691 enumerantur:

392 3726 585 3813 0066066601)
606 3730 749 3793 Battara
773 3730 892 3811 Baton,
924 3732 986 3795 nisi
1016 3729 1099 3795 forte
1131 3729 1210 3795 ordo
1241 3730 1386 3793 inversus
1417 3736 1475 3798 est.
1520 3752 1559 3796 ac
1580 3753 1621 3796 ue
1644 3732 1722 3798 Pto-

387 3836 530 3901 lomaeus
553 3838 683 3921 quidem
706 3839 815 3922 plures
839 3838 982 3903 exhibet:
1008 3841 1037 3919 6,
1056 3840 1087 3915 3,
1105 3840 1135 3904 8.

499 3944 557 4009 606
591 3945 625 4008 66
659 3944 815 4027 proximis
850 3940 1023 4007 laterculos
1057 3941 1216 4005 censorius
1251 3938 1415 4004 adhibitos
1447 3960 1516 4004 esse
1546 3942 1722 4007 rectissimo

388 4047 544 4116 Ountzius
568 4050 724 4135 exposuit.
764 4051 832 4133 ipse
856 4050 938 4112 enim
955 4047 1081 4112 Plinius
1106 4046 1225 4112 diserte
1248 4066 1303 4109 cos
1325 4044 1531 4129 significat5,
1547 4050 1621 4115 106.
1667 4068 1721 4113 006

387 4158 471 4222 60166
504 4156 543 4223 66
573 4159 648 4239 6616,
680 4156 721 4221 66
752 4155 935 4221 nominibus
967 4156 1099 4219 mutatis
1130 4175 1150 4218 a
1179 4153 1336 4237 periegesi
1359 4154 1494 4237 sumptis
1517 4162 1629 4221 anctos
1652 4177 1720 4220 esse

386 4269 532 4345 apparet.
579 4285 677 4348 quam
701 4263 860 4327 diversam
883 4261 1041 4344 originem
1060 4260 1133 4343 ipsa
1148 4259 1247 4324 verba
1264 4257 1421 4341 produnt:
1446 4261 1498 4322 aed
1514 4262 1605 4345 priua
1621 4271 1720 4346 torpa

385 4383 412 4434 ct
427 4372 656 4435 mediterraneas
671 4373 942 4434 iurisdictiones
956 4371 1100 4432 indicasse
1114 4370 1272 4431 conveniat.
1311 4366 1351 4431 01.
1367 4367 1506 4432 similem
1521 4369 1720 4433 commixtio-

494 4564 514 4634 ¹)
534 4568 600 4619 nota
622 4564 709 4619 Divis.
734 4556 866 4621 161100
886 4563 1017 4618 exhibere
1040 4562 1088 4631 qui
1109 4579 1238 4616 numerus
1262 4565 1336 4615 certe
1359 4578 1376 4613 a
1398 4577 1468 4614 vero
1490 4562 1605 4630 propius
1631 4560 1718 4614 abest.

385 4652 485 4721 reliqui
502 4670 568 4707 vero
587 4654 694 4707 numeri
712 4654 742 4706 in
760 4654 900 4707 Diuisione
919 4651 1113 4721 multomagis
1132 4650 1276 4719 depravati
1295 4653 1368 4704 sunt.

493 4742 515 4810 ⁹)
529 4744 644 4811 praeter
661 4757 748 4809 supra
766 4740 906 4809 dictaeqs.

493 4830 515 4897 ⁸)
533 4829 582 4883 abi
600 4828 732 4884 laudatar
751 4826 862 4883 Esaias
878 4844 988 4883 mmaa:
1006 4843 1041 4880 an
1060 4824 1162 4881 Edusae
1179 4825 1247 4891 tta?
1283 4829 1313 4878 at
1330 4824 1440 4879 amiam
1457 4822 1504 4877 Εἴ

492 4920 515 4989 ⁴)
538 4918 668 4973 Teanam
687 4916 776 4987 codd,
794 4916 911 4969 10616666
929 4922 1004 4969 60010
1023 4916 1057 4971 01.
1077 4917 1163 4984 6,131
1188 4914 1322 4970 Telendos.

492 5008 514 5073 ⁵)
534 5008 604 5063 1890
621 5024 649 5075 p.
668 5008 728 5062 488.

492 5095 514 5165 ⁶)
533 5092 745 5149 0060666661.
786 5090 926 5147 00666666
943 5092 1035 5160 vulgo.
