4275 6025
986 712 1200 814 ,4.-

425 947 512 1010 quae
535 945 647 993 auersa
670 929 728 1006 est,
754 924 811 990 sed
835 945 855 990 a
877 925 1036 1010 proxima.
1083 944 1160 1009 ergo
1183 923 1217 988 in
1238 924 1308 986 aaa
1330 921 1480 1006 equidem
1503 923 1636 986 samonio
1653 922 1765 1005 potius

425 1034 529 1099 latere
551 1031 749 1117 existimo¹).

532 1154 694 1220 diarmata
716 1155 817 1239 igitur
840 1175 921 1241 quae
943 1155 1135 1221 nominatim
1158 1153 1328 1238 Agrippae
1350 1151 1478 1217 Plinius
1505 1152 1690 1229 vindicavit,
1721 1150 1764 1217 ab

425 1261 496 1344 ipso
519 1260 633 1326 addita
655 1266 732 1326 sunt
754 1260 796 1325 ad
820 1259 1079 1354 descriptiopem.
1118 1260 1204 1326 unde
1227 1281 1299 1324 eam
1313 1260 1453 1326 ahenam
1468 1280 1540 1326 esse
1555 1258 1597 1324 ab
1613 1258 1765 1343 Agrippa

424 1373 572 1452 apparet.
613 1367 669 1432 sed
694 1366 732 1432 de
747 1366 961 1451 longitudinis
977 1365 1223 1449 latitudinisque
1239 1366 1398 1430 mensuris
1419 1365 1580 1450 agendum
1600 1369 1659 1442 est,
1683 1384 1765 1448 quas

426 1470 600 1538 Schwedcr
623 1478 655 1538 et
677 1473 765 1558 ipsas
789 1473 959 1557 Agrippae
984 1470 1127 1538 tribuere
1149 1470 1287 1538 videtur.
1332 1476 1443 1536 tamen
1474 1492 1515 1536 ne
1541 1471 1604 1536 hoc
1632 1469 1764 1554 quidem

424 1586 521 1646 reete.
582 1586 731 1645 auctores
775 1581 860 1645 enim
903 1599 984 1664 qnos
1027 1578 1071 1644 ab
1109 1579 1261 1663 Agrippa
1302 1578 1443 1662 pendere
1481 1583 1621 1660 constat,
1667 1578 1763 1643 hasce

426 1686 592 1753 exhibent:

672 1828 818 1896 Dimens.
844 1829 900 1897 10:
924 1827 1011 1912 long.
1038 1817 1231 1892 ’ciffi
1252 1827 1309 1893 lat.
1335 1817 1399 1889 VT

673 1934 768 2003 Oros.
791 1941 820 2017 1,
839 1939 870 2018 2,
887 1936 930 2004 97
953 1937 1041 2022 (50);
1065 1935 1153 2017 long.
1179 1921 1371 1998 OEXXH
1384 1933 1441 2001 lat.
1470 1921 1523 2000 Γ.

531 2097 643 2179 itaque
665 2096 706 2161 de
729 2096 932 2180 longitudine
963 2095 1031 2160 fere
1058 2095 1217 2174 convenit,
1248 2093 1454 2160 latitudinem
1471 2082 1512 2158 Ἦ
1535 2091 1764 2176 potiusquam

428 2195 680 2288 VTAgrippam
695 2202 841 2287 posuisse
856 2200 1007 2270 arbitror.
1031 2204 1067 2267 at
1081 2200 1177 2284 plane
1190 2200 1335 2265 diversae
1349 2203 1424 2264 sunt
1439 2216 1608 2264 mensurae
1624 2195 1763 2262 aPlinio

425 2308 587 2394 prolatae:
622 2313 654 2390 4,
668 2311 711 2377 58
745 2308 901 2372 laetodius
931 2331 1080 2395 nusquam
1111 2298 1144 2370 ἶ
1176 2306 1347 2394 madeat)
1383 2317 1410 2369 ct
1439 2306 1518 2368 cirea
1552 2304 1683 2367 madiam
1716 2303 1765 2365 sui

366 2437 370 2445 ·
421 2425 542 2500 portem
570 2415 701 2478 mommo
726 2425 845 2499 pateras.
891 2413 994 2479 multo
1025 2414 1125 2498 igitur
1155 2413 1306 2478 subtilius
1338 2433 1436 2496 quam
1467 2412 1572 2477 solent
1594 2410 1764 2494 Agrippae

425 2541 494 2586 esse
517 2541 696 2601 mensurae,
721 2521 862 2588 latitudo
886 2521 1081 2586 describitur
1089 2519 1127 2607 8).
1173 2519 1340 2604 longitudo
1363 2524 1472 2584 autem
1496 2519 1529 2583 in
1545 2517 1762 2600 descriptione

424 2625 513 2693 Plini
529 2618 694 2694 OUOE‘X
717 2633 932 2715 computatur,
964 2649 1059 2713 quem
1087 2647 1259 2692 numerum
1281 2647 1322 2692 ue
1345 2627 1418 2711 quis
1441 2624 1666 2709 corrigendum
1689 2644 1763 2688 cen-

425 2742 505 2817 seat,
545 2734 674 2801 confero
707 2755 891 2800 mensuram
922 2731 1096 2800 Sosicratis
1131 2733 1173 2798 ab
1209 2732 1409 2818 Apollodoro
1440 2737 1608 2816 acceptam
1638 2729 1762 2816 (Strab.

424 2844 490 2911 474
515 2840 583 2925 fin.)
606 2860 752 2907 necnon
776 2838 819 2905 ab
843 2837 1065 2923 Agathemero
1089 2838 1250 2922 prolatam
1284 2841 1330 2923 (4,
1344 2841 1405 2920 26)
1436 2859 1519 2922 quae
1541 2836 1641 2922 paulo
1665 2837 1763 2902 etiam

424 2947 581 3032 prolixior
605 2953 668 3013 est:
693 2947 781 3016 2300
797 2945 880 3013 stad.
904 2946 924 3014 i.
950 2936 1229 3016 fflffl
1245 2945 1288 3010 D.
1304 2966 1336 3028 p.
1369 2950 1405 3010 at
1420 2945 1538 3010 dixerit
1553 2945 1627 3030 quis
1642 2944 1763 3030 Agrip·

424 3077 486 3139 pae
509 3076 692 3120 mensuram
714 3054 803 3118 iusto
826 3052 1002 3119 breviorem
1026 3075 1103 3136 esse,
1129 3053 1249 3119 additis
1269 3044 1305 3116 ’θ’
1325 3072 1397 3117 eam
1419 3050 1662 3117 emendandam.
1709 3051 1761 3115 oui

425 3163 513 3228 hisce
536 3182 595 3245 ego
618 3182 765 3227 occurro:
792 3181 988 3244 quamquem
1011 3182 1051 3227 ex
1074 3162 1120 3227 eis
1144 3182 1225 3244 quas
1241 3158 1360 3227 Strabo
1383 3157 1404 3228 l.
1428 3157 1451 3223 l.
1472 3156 1582 3223 adfert
1603 3158 1763 3222 mensuris

427 3263 518 3334 nulla
546 3267 633 3333 infra
654 3266 727 3332 MM
751 3268 859 3332 stadia
881 3267 1057 3348 descendit,
1089 3275 1199 3333 tamar
1222 3267 1391 3351 Agrippae
1414 3285 1583 3330 numerum
1605 3284 1762 3330 consensu

425 3373 721 3441 Dimensurationis
745 3379 778 3437 et
795 3369 904 3438 Orosii
927 3371 1014 3438 haud
1037 3373 1244 3439 mediocriter
1263 3370 1429 3436 firmatum
1444 3376 1616 3455 propterea
1636 3376 1762 3435 muare

424 3500 548 3564 vereor,
571 3480 658 3564 quod
681 3502 716 3545 re
732 3499 809 3545 vera
823 3479 993 3564 longitudo
1009 3482 1133 3562 Cretae,
1159 3481 1187 3545 si
1210 3501 1250 3545 ex
1266 3477 1386 3543 tabulis
1401 3478 1497 3562 pictis
1520 3477 1763 3561 quaemanibus

424 3595 581 3667 tenemus,
605 3585 748 3652 iudicare
771 3585 857 3664 licet,
889 3587 1034 3671 proxime
1064 3607 1085 3652 a
1111 3605 1263 3651 mensura
1287 3584 1455 3667 Agrippea
1484 3582 1587 3653 abest.
1633 3584 1669 3648 in
1692 3583 1763 3649 uni·

424 3716 555 3762 versum
577 3700 687 3759 autem
716 3692 773 3759 ille
796 3698 833 3759 ut
856 3694 1035 3759 maritimas
1057 3713 1225 3759 mensuras
1247 3690 1414 3777 prolixius,
1439 3690 1488 3755 ita
1502 3694 1671 3756 terrestres
1686 3710 1763 3775 par·

424 3804 493 3869 cius
508 3807 683 3887 computat.
708 3821 747 3867 ac
762 3821 803 3866 ne
818 3800 878 3866 hoc
894 3799 1025 3883 quidem
1040 3800 1204 3866 omiserim
1218 3818 1359 3881 monere,
1376 3797 1464 3883 quod
1479 3798 1545 3862 iam
1559 3816 1660 3880 supra
1673 3818 1705 3879 p.
1720 3798 1761 3865 55

538 4088 558 4157 1)
576 4087 632 4141 alia
650 4084 757 4137 ratione
776 4082 880 4137 Miiller
898 4098 956 4135 rem
976 4080 1109 4149 expedire
1127 4083 1241 4134 conatus
1260 4082 1312 4133 est
1349 4078 1397 4147 qui
1409 4077 1532 4137 eeu]
1549 4094 1577 4147 p.
1591 4078 1626 4132 44
1644 4077 1678 4134 ol.
1691 4078 1717 4146 4,
1727 4077 1761 4132 71

423 4175 472 4228 ubi
484 4174 632 4229 lectionem
647 4171 761 4229 Cadisto
773 4172 885 4233 retinet,
903 4172 928 4238 4,
940 4172 974 4228 60
986 4169 1127 4239 supplevit
1138 4170 1203 4225 item
1218 4168 1329 4224 Cadisto
1351 4168 1416 4236 <ab
1428 4167 1605 4239 Astypalaea,
1624 4166 1758 4237 Coryco>

424 4280 443 4317 a
462 4262 555 4318 Malea
572 4261 752 4332 Peloponnesi
769 4251 896 4315 LXXX
934 4276 1003 4328 quae
1022 4259 1181 4313 coniectura
1199 4258 1324 4327 quamvis
1342 4256 1506 4311 Detlefseno
1525 4257 1596 4312 1904
1619 4255 1761 4325 probetur,

423 4355 556 4420 proptera
573 4348 642 4402 mihi
659 4349 764 4405 reicula
781 4349 900 4417 videtur,
923 4348 997 4417 quod
1016 4346 1123 4401 duobus
1142 4346 1211 4401 locis
1229 4347 1345 4400 mutatio
1364 4344 1404 4399 fit.
1436 4350 1557 4400 cetarum
1576 4342 1763 4412 discrepantia

424 4455 494 4507 quae
513 4442 556 4493 est
573 4438 646 4491 inter
664 4437 809 4507 Agrippas
827 4438 853 4505 4,
864 4438 898 4494 60
917 4441 946 4493 st
962 4435 1120 4508 periegesin
1136 4437 1164 4504 4,
1173 4437 1217 4506 71,
1235 4453 1271 4490 ne
1289 4435 1458 4503 sicquidem
1477 4437 1643 4488 remoretur.

532 4544 556 4613 ¹)
574 4542 704 4612 Agrippa
722 4559 831 4613 semper
849 4546 939 4598 certos
959 4558 1088 4597 numeros
1107 4541 1225 4612 scripsit,
1244 4557 1308 4595 enm
1325 4539 1375 4595 illa
1392 4556 1459 4595 vero
1472 4539 1611 4595 locutione
1629 4538 1665 4594 oi.
1684 4540 1710 4608 3,
1722 4539 1758 4593 45

423 4632 498 4691 bned
515 4632 572 4689 allo
589 4632 621 4687 irs
639 4632 695 4687 loco
707 4623 756 4685 Ui*
772 4632 947 4689 lattadiaem
959 4631 1095 4701 archus,
1114 4648 1184 4701 quae
1196 4630 1330 4688 Varronis
1343 4645 1404 4683 esse
1415 4628 1489 4683 inira
1500 4626 1758 4685 demonstrabimus.

531 4738 555 4807 ⁸)
574 4741 689 4808 propter
716 4738 892 4792 latitudinem
920 4739 955 4793 ab
983 4739 1085 4811 Oresio
1115 4738 1253 4809 prolatam
1281 4734 1431 4789 Schweder
1458 4732 1547 4793 Bcitr.
1570 4734 1603 4789 11
1627 4752 1655 4804 p.
1679 4733 1761 4803 blsq.

423 4826 522 4883 Cretae
540 4842 683 4882 mensuras
696 4826 840 4897 Agrippas
857 4828 1014 4884 vindicavit
1052 4828 1127 4899 quod
1146 4844 1195 4881 cur
1212 4842 1269 4880 non
1288 4824 1409 4891 fecerim,
1434 4841 1518 4894 supra
1536 4840 1652 4895 expono.
1689 4821 1762 4877 adde

423 4916 500 4985 quod
512 4917 625 4972 Orosius
643 4916 757 4973 minime
775 4917 911 4970 intactam
923 4916 1067 4988 Agrippae
1087 4915 1243 4971 doctrinam
1262 4914 1391 4979 servavit,
1411 4914 1487 4969 cuius
1505 4913 1548 4969 rei
1565 4930 1653 4983 pauca
1665 4911 1762 4967 adfero

422 5006 595 5062 testimonia:
623 5005 762 5076 Hispania
789 5003 937 5072 bipartitur
962 5006 986 5067 1,
998 5005 1022 5074 2,
1042 5006 1086 5061 73.
1105 5004 1140 5059 74
1163 5003 1217 5072 (34.
1237 5002 1291 5073 35),
1319 5001 1465 5070 Aegyptus
1488 5000 1573 5057 Asiae
1600 4999 1762 5055 attribuitur

423 5095 448 5161 1,
468 5094 493 5163 2,
512 5094 530 5149 8
548 5095 613 5165 (12).
