4275 6025
1054 691 1098 755 44

406 910 507 974 serat:
531 904 575 972 ad
591 903 716 988 Λιβυκά
741 903 904 990 6611166111
927 923 966 969 66
981 923 1065 988 6666
1081 905 1113 985 6,
1123 904 1301 973 201-204
1316 906 1455 968 exstant
1493 900 1548 968 hic
1560 900 1745 970 Romanum

407 1009 570 1097 quendam
592 1016 759 1078 auctorem
781 1010 867 1076 inter
889 1008 1005 1076 Iubam
1028 1013 1061 1074 et
1076 1008 1220 1075 Plinium
1241 1006 1511 1093 interponendum
1531 1028 1601 1074 esse
1619 1006 1744 1092 liquido

407 1125 509 1207 patet.
555 1139 641 1205 quae
664 1118 827 1186 sententia
849 1123 1022 1202 propterea
1042 1117 1249 1201 potissimum
1270 1115 1452 1182 necessaria
1483 1119 1544 1193 est,
1576 1115 1663 1197 quad
1694 1116 1745 1182 in-

372 1279 375 1283 .
407 1228 553 1294 aularum
577 1225 708 1292 nomina
729 1223 840 1307 latins,
872 1244 936 1290 nan
963 1243 1079 1308 graece
1108 1222 1304 1289 referuntur.
1350 1241 1410 1288 1166
1440 1241 1516 1289 1616
1538 1219 1666 1286 Plinius
1689 1221 1745 1289 ubi

407 1331 544 1400 Graecis
566 1330 712 1398 fontibus
734 1330 849 1414 utitur,
872 1330 1002 1396 nomina
1024 1328 1199 1394 immutare
1220 1326 1319 1393 audet
1341 1326 1404 1394 nisi
1426 1349 1462 1393 re
1484 1350 1583 1413 quam
1605 1331 1745 1397 maxime

405 1440 587 1526 perspicua,
610 1437 699 1504 16161
721 1439 832 1515 6148
846 1435 966 1522 flumem
981 1433 1091 1522 Cynos:
1116 1436 1146 1515 6,
1163 1437 1225 1504 149
1241 1456 1262 1496 6
1275 1433 1407 1521 flumine
1425 1431 1515 1498 Canis
1535 1445 1568 1498 ut
1583 1434 1661 1498 Iuba
1676 1457 1744 1521 666.

407 1553 443 1614 61
465 1547 562 1632 61666
585 1546 650 1614 alia
681 1545 766 1612 ratio
795 1549 845 1610 est
875 1548 905 1623 6,
919 1547 1053 1627 201666
1081 1541 1155 1610 vide
1179 1541 1381 1608 Fortunatas
1403 1541 1535 1620 insulas,
1560 1541 1744 1622 Iunoniam,

407 1649 608 1737 Caprariam,
638 1649 868 1734 Ninguariam,
892 1645 1077 1730 Canariam,
1109 1646 1227 1732 quibus
1251 1648 1381 1714 nomina
1404 1668 1424 1715 a
1446 1647 1558 1713 latinis
1580 1649 1746 1716 vocabulis

408 1758 547 1825 deducta
570 1763 656 1826 sunt.
703 1754 828 1824 accedit
850 1754 939 1839 quod
962 1755 997 1821 iu
1019 1775 1058 1820 ea
1080 1759 1174 1838 parte
1195 1753 1357 1839 quaedam
1372 1753 1490 1835 insunt,
1516 1775 1602 1837 6666
1621 1754 1745 1822 aPlini

407 1885 525 1947 genere
547 1863 677 1930 dicendi
699 1863 807 1930 aliena
829 1867 914 1928 sunt.
959 1862 1022 1927 1166
1044 1881 1109 1927 uon
1130 1859 1333 1944 intellegitur
1354 1859 1417 1926 nisi
1439 1859 1622 1925 Romanum
1645 1881 1746 1944 quen·

408 1973 484 2038 dam
508 1970 687 2055 exscripsit.
733 1970 902 2054 quievero
925 1968 981 2033 ille
1004 1966 1113 2045 fuerit,
1144 1987 1209 2034 non
1236 1971 1286 2033 est
1309 1966 1395 2050 qnod
1417 1966 1511 2050 longe
1534 1986 1741 2050 quaeramus:

408 2075 552 2144 Statium
580 2074 666 2140 euim
697 2072 853 2140 Sebosum
884 2074 954 2158 ipse
981 2072 1110 2139 Plinius
1141 2071 1264 2138 laudat.
1310 2072 1424 2156 itaque
1455 2072 1531 2139 huic
1563 2094 1602 2140 aa
1634 2072 1746 2141 deberi

406 2180 525 2262 indico,
551 2199 636 2264 quae
658 2178 720 2244 boc
742 2178 813 2245 1666
837 2199 878 2245 ex
900 2178 986 2246 Iuba
1007 2178 1203 2246 referuntur.

515 2289 581 2354 iam
603 2293 805 2354 revertamur
827 2287 869 2353 ad
892 2290 983 2369 5,16
1007 2287 1065 2354 ubi
1088 2286 1169 2353 hasa
1186 2285 1352 2370 leguntur:
1375 2286 1456 2349 Iuba
1470 2286 1638 2351 Ptolomaei
1658 2299 1746 2373 pater

408 2393 461 2481 qui
477 2395 599 2481 6116166
620 2395 738 2479 utrique
761 2394 971 2458 Mauretaniae
993 2395 1184 2479 imperitavit,
1199 2395 1365 2457 studiosam
1380 2392 1513 2457 camma
1526 2395 1749 2460 nummatum

407 2503 499 2565 etiam
522 2523 615 2588 quam
641 2522 740 2586 reptio,
765 2500 910 2584 6111111161)
930 2502 1066 2587 prodidit
1092 2503 1128 2564 de
1150 2502 1282 2574 Atlante,
1305 2510 1485 2585 praeterqu
1513 2501 1599 2586 pipeti
1624 2501 1748 2566 bertam

408 2606 451 2670 ibi
472 2607 671 2692 euphorbeam
694 2608 810 2672 aomiue
833 2607 871 2670 ab
893 2607 1042 2672 inventore
1064 2606 1177 2670 medico
1198 2630 1250 2670 666
1272 2606 1466 2693 appellatam.
1513 2608 1594 2670 cuius
1622 2606 1747 2672 lautum

407 2737 511 2778 aucum
533 2715 618 2778 miris
640 2713 780 2776 laudibus
803 2713 927 2777 celebrat
948 2716 981 2776 iu
1004 2712 1139 2776 claritate
1163 2714 1243 2775 61666
1264 2724 1422 2798 contraque
1437 2723 1581 2797 66666166
1594 2724 1623 2778 et
1636 2735 1747 2778 aeaeae

408 2821 509 2884 ommia
528 2820 677 2905 privatim
699 2821 797 2884 dicato
821 2818 976 2882 uolumine.
1023 2840 1089 2902 qno
1105 2818 1269 2884 uberrime
1283 2839 1362 2885 usus
1378 2824 1428 2884 est
1443 2817 1571 2885 Plinius
1585 2822 1639 2898 25,
1651 2822 1746 2905 7766.

407 2931 517 2993 tamen
543 2925 697 2991 11661666
720 2924 827 2990 lubae
850 2924 1037 2990 memoriam
1060 2945 1126 2990 non
1148 2924 1210 3009 ipsi
1233 2923 1343 2989 deberi
1366 2944 1488 2990 666666.
1534 2945 1609 2990 nam
1632 2946 1747 3010 parum

409 3034 650 3119 probabilitatis
672 3032 769 3100 habet
792 3033 825 3099 id
841 3034 989 3098 volumen
1005 3054 1026 3099 a
1040 3032 1149 3099 Plinio
1165 3032 1380 3117 geographica
1395 3032 1552 3097 tractanti
1566 3031 1747 3117 inspectum

408 3160 488 3205 6666.
535 3138 610 3203 dein
637 3159 701 3223 quo
725 3136 820 3203 modo
843 3138 927 3204 Iuba
949 3146 1090 3223 1666161,
1113 3138 1209 3204 velim
1232 3139 1375 3204 animum
1398 3138 1559 3204 advertas.
1604 3160 1645 3205 ex
1680 3138 1749 3205 filio

409 3244 494 3311 enim
517 3241 691 3328 significari
722 3244 777 3309 vix
807 3245 915 3328 661611
945 3244 1007 3310 6161
1038 3266 1077 3311 66
1107 3249 1215 3311 661616
1248 3266 1313 3330 666
1343 3241 1430 3309 111166
1460 3265 1599 3329 regnum
1630 3246 1747 3329 tenuit,

408 3351 494 3419 61661
517 3348 637 3416 Strabo
653 3351 717 3418 831
742 3368 800 3413 suo
823 3350 892 3415 iure
915 3351 995 3417 dicit
1017 3345 1141 3435 Ἰούβας
1156 3346 1174 3415 ὁ
1190 3355 1248 3415 τοῦ
1263 3349 1463 3430 Πτολεμαίου
1478 3348 1597 3439 πατὴρ.
1635 3353 1749 3436 116666

408 3456 536 3523 Plinius
554 3453 960 3540 611661661615616661111,
978 3459 1035 3543 qui
1050 3457 1238 3524 Ptolemaeo
1253 3463 1420 3541 regnante,
1444 3457 1475 3525 11.
1492 3478 1519 3527 6.
1543 3460 1631 3525 intra
1645 3479 1750 3527 anuos

409 3568 452 3635 23
476 3566 576 3633 6140
600 3561 649 3628 161
671 3562 768 3646 66616
792 3570 866 3647 6661
890 3566 979 3631 vixit.
1024 3588 1098 3632 cnm
1121 3586 1196 3632 1616
1220 3562 1664 3649 6,20166.Ι61166Λιβυκά
1687 3586 1749 3651 661

410 3669 567 3741 Sebosum
582 3668 690 3735 Plinio
713 3669 826 3737 oblata
848 3691 1003 3737 essenon
1026 3674 1096 3738 sine
1119 3672 1232 3757 aliqua
1253 3670 1485 3756 probabilitate
1508 3672 1748 3752 coniecerimus,

412 3778 549 3847 eundem
576 3777 639 3845 hac
662 3798 791 3864 quaque
814 3777 886 3845 loco
908 3778 994 3846 inter
1015 3779 1134 3846 Iubam
1157 3786 1191 3846 et
1212 3778 1358 3844 Plinium
1381 3777 1469 3845 haud
1492 3778 1558 3843 scio
1580 3801 1622 3845 an
1651 3780 1748 3846 liceat

411 3886 634 3953 intermittere.
670 3886 758 3970 qnod
781 3886 809 3950 si
831 3885 1016 3970 probamus,
1041 3893 1183 3953 aetatem
1205 3885 1320 3953 Sabaei
1344 3886 1479 3971 insuper
1495 3891 1533 3952 ut
1555 3891 1747 3968 statuamus,

409 3994 576 4077 contingit.
624 3992 676 4057 661
697 3991 841 4077 opinioni
864 3992 944 4075 qnid
967 3992 1075 4057 obstet
1097 4013 1162 4057 nan
1185 3991 1287 4058 video.

516 4118 598 4163 unns
622 4097 766 4181 reliquus
790 4102 840 4163 est
862 4097 952 4164 locus
976 4101 1006 4181 5,
1020 4102 1061 4169 51
1086 4099 1142 4165 651
1157 4097 1286 4165 Ρ116166
1309 4098 1349 4163 (le
1365 4096 1436 4165 Nili
1458 4121 1556 4167 cursu
1570 4102 1748 4169 secundum

410 4204 527 4271 Iubam
556 4205 633 4289 agit.
680 4224 755 4269 nam
779 4204 835 4272 ille
858 4226 931 4271 eum
953 4208 1054 4292 potuit
1084 4207 1244 4294 arquirere.
1290 4212 1436 4273 attamen
1468 4229 1532 4274 non
1564 4208 1746 4293 exquisivit,

409 4308 467 4375 sed
489 4307 659 4373 Hannonis
687 4307 846 4376 relations
879 4310 1019 4398 accita2)
1050 4312 1091 4377 de
1122 4312 1308 4379 coniectura
1330 4313 1401 4380 Nili
1432 4314 1591 4398 originem
1621 4314 1746 4381 statuit.

410 4435 471 4482 1166
492 4414 573 4479 11666
596 4434 636 4479 ex
659 4415 729 4500 ipso
751 4417 856 4500 petita
878 4425 953 4486 sunt
975 4418 1061 4486 Iuba
1080 4425 1215 4505 propter
1235 4422 1348 4489 verba:
1373 4421 1533 4486 crocodilus
1549 4444 1663 4507 quoque
1677 4422 1748 4485 iude

409 4524 463 4609 (ex
486 4522 561 4587 lacn
576 4521 609 4587 N
611 4521 700 4607 ilide)
722 4523 758 4586 ob
774 4538 983 4609 arpumeatum
997 4527 1050 4592 boc
1066 4526 1226 4593 Caesareae
1241 4532 1274 4592 iu
1289 4529 1354 4593 Iseo
1368 4530 1482 4592 (1166166
1498 4528 1536 4592 ab
1551 4550 1584 4592 eo
1599 4539 1747 4613 spectatam

411 4628 502 4693 bodie.
548 4647 654 4711 neque
679 4628 764 4694 enim
786 4629 931 4698 Plinium
954 4634 987 4699 in
1003 4634 1211 4701 Mauretania
1233 4634 1333 4701 161666
1353 4633 1516 4721 animust).
1564 4636 1650 4720 quad
1673 4655 1748 4702 1616

521 4804 541 4875 ¹)
561 4820 598 4858 so.
619 4806 703 4873 atque
722 4802 869 4860 Suetonius
888 4805 1030 4863 Paulinus.

519 4892 540 4965 ²)
559 4893 590 4949 id
608 4892 682 4964 quod
699 4893 786 4948 Solini
805 4892 866 4949 laco
885 4895 955 4960 322
974 4896 1189 4959 demonstratur.
1226 4898 1263 4955 cl.
1282 4897 1367 4952 etiam
1385 4899 1480 4954 Anam.
1498 4900 1542 4965 22,
1561 4902 1604 4967 15,
1623 4901 1649 4955 8.

518 4984 540 5052 ⁸)
559 4984 585 5054 7,
595 4984 630 5039 36
652 4984 710 5055 1666
732 4983 790 5039 eidi
810 4984 843 5040 ia
866 4984 970 5055 Africa
993 4986 1029 5041 ad
1050 4986 1207 5058 Thysdrum
1232 4987 1366 5058 oppidum
1389 4988 1501 5059 Byaaaii
1523 4989 1671 5059 pertinent.
1712 4990 1749 5046 ad

409 5067 526 5125 candem
543 5072 686 5142 regionem
705 5074 813 5142 spectat
833 5072 873 5138 17,
883 5074 927 5128 41.
947 5075 1052 5143 25,123
1071 5076 1108 5131 ad
1125 5075 1247 5131 vicinam
1264 5073 1476 5145 Tripolitanum.
