4275 6025
1054 665 1097 731 86

405 881 518 964 itaque
540 878 596 964 qui
618 897 673 944 eos
697 896 847 943 numeros
870 875 1046 955 coniunxit,
1065 874 1173 941 Melae
1195 895 1260 942 non
1281 882 1414 961 praesto
1437 876 1509 945 fuit.
1556 879 1613 946 sed
1630 879 1744 947 Sebosi

405 985 496 1053 aliud
511 1005 642 1070 quoque
655 984 827 1069 vestigium
842 982 930 1069 apud
944 982 1064 1049 Melum
1080 987 1200 1063 exstat,
1216 983 1306 1068 quod
1320 983 1399 1049 mihi
1412 983 1576 1053 Ricardus
1591 986 1742 1053 Reitzen-

406 1093 490 1159 stein
512 1092 650 1175 benigne
664 1090 866 1157 monstravit.
900 1088 1047 1156 conferas
1062 1109 1183 1174 quaeso
1199 1111 1283 1174 quae
1306 1111 1347 1157 cx
1362 1089 1484 1157 Seboso
1499 1089 1628 1159 Plinius
1650 1096 1681 1173 9,
1698 1096 1741 1165 46

406 1198 510 1265 tradit
532 1219 606 1264 cum
628 1196 718 1263 Mela
740 1199 772 1279 3,
785 1198 838 1267 62.

473 1323 525 1392 Pl.
542 1323 575 1386 in
590 1323 688 1387 sodon
700 1319 845 1409 (Gange)
861 1320 1047 1387 esscStatics
1167 1321 1213 1387 M.
1235 1322 1311 1408 (alit
1331 1322 1445 1410 India)
1466 1324 1611 1387 immanes
1633 1334 1742 1388 11111-

406 1427 531 1494 Sebosus
553 1429 628 1492 taut
648 1428 762 1491 modico
783 1428 928 1492 miracula
949 1427 1049 1513 adfert
1097 1440 1211 1516 pentes,
1248 1429 1345 1514 aliqui
1373 1440 1408 1492 ct
1437 1429 1610 1516 clcpltoatos
1639 1452 1742 1494 morsu

404 1534 512 1601 11111111
535 1533 682 1597 baalia
705 1534 782 1597 11111
797 1532 866 1597 LX
880 1534 1047 1599 cubitorum
1100 1548 1188 1624 atque
1209 1536 1323 1599 ambitu
1345 1538 1476 1622 corporis
1499 1537 1690 1625 castanea).

405 1641 561 1713 caeruleos,
577 1641 630 1724 qut
643 1661 749 1705 11111111
762 1663 782 1703 a
787 1640 870 1725 sacia
881 1652 1044 1705 tractarunt.

405 1748 454 1813 lte
476 1756 575 1811 toritas
597 1767 657 1810 osse
680 1748 750 1810 11111
771 1758 806 1810 ut
820 1748 989 1836 elephantos
1005 1750 1047 1811 ad

399 1865 490 1941 potue
511 1854 650 1918 venenata
671 1856 819 1919 1111111111
838 1854 1046 1941 comprehensa

404 1982 621 2026 monacorum
644 1961 826 2027 abstrahant.

512 2119 587 2186 dein
608 2121 718 2186 tenuia
733 2119 895 2203 quaedam
910 2120 1047 2205 vestigia
1061 2119 1293 2186 laterculorum
1308 2118 1554 2203 Augusteorum
1570 2118 1743 2187 Schweder

404 2225 492 2311 apud
507 2225 630 2293 Melam
652 2227 812 2293 detexisse
834 2226 897 2294 sibi
919 2226 1049 2293 videtur
1057 2227 1094 2309 ⁹).
1141 2247 1215 2292 eum
1230 2228 1315 2292 enim
1330 2227 1364 2292 in
1378 2224 1514 2292 Baetica
1529 2233 1742 2293 conventuum

405 2333 516 2417 capita
537 2334 607 2400 sola
629 2354 809 2400 memorare
831 2337 862 2415 2,
874 2337 917 2403 88
939 2335 973 2425 ia
994 2334 1125 2399 Baraba
1147 2332 1274 2419 Haupt
1294 2332 1412 2419 Hispal
1436 2330 1588 2397 Corduba.
1642 2339 1742 2419 atque

403 2438 438 2506 id
460 2440 664 2525 potissimum
687 2438 797 2507 affert:
820 2439 924 2507 forma
950 2441 1075 2507 rariore
1097 2439 1214 2526 Hispal
1238 2438 1382 2505 Plinium
1414 2460 1543 2523 quoque
1574 2440 1625 2505 uti
1655 2442 1741 2521 111

403 2545 460 2613 ubi
483 2566 560 2613 sane
575 2546 749 2632 Augustea
771 2547 998 2616 adnectuntur.
1043 2548 1124 2613 item
1139 2547 1173 2611 in
1188 2545 1421 2611 Tarraconensi
1437 2544 1741 2630 Caesaraugustam,

403 2653 438 2718 iu
460 2651 633 2719 Lusitania
655 2652 837 2719 Emeritam
859 2674 944 2739 quae
967 2659 1181 2719 conventuum
1204 2652 1312 2737 capita
1333 2650 1477 2734 inerunt,
1501 2658 1741 2736 percenseatur.

403 2768 512 2826 tamen
540 2780 654 2827 vereor
679 2781 721 2826 ne
754 2761 889 2826 nimium
922 2760 1040 2827 horum
1074 2762 1239 2826 nominum
1273 2758 1422 2826 electioni
1455 2760 1505 2825 vir
1537 2758 1594 2824 ille
1628 2758 1742 2825 doctus

403 2866 564 2934 tribuerit.
611 2890 687 2934 nam
709 2866 800 2934 Mela
821 2868 850 2934 si
872 2867 1013 2951 iusignia
1035 2867 1155 2952 oppida
1178 2887 1218 2932 ex
1239 2887 1357 2951 magno
1384 2885 1519 2931 numero
1548 2866 1742 2949 paucissima

405 2972 550 3040 delibare
576 2972 688 3053 voluit,
716 2971 785 3039 fere
812 2973 847 3040 in
873 2978 1088 3040 conventuum
1116 2974 1224 3059 capita
1250 2970 1394 3039 incidere
1422 2970 1543 3038 debuit.
1592 2969 1651 3037 sed
1682 2992 1741 3038 nec

404 3083 436 3164 2,
449 3084 491 3151 75
515 3101 574 3146 nec
599 3086 628 3164 1,
642 3082 685 3149 30
708 3082 980 3163 1112118111
1003 3082 1112 3163 1123
1139 3079 1228 3164 apud
1250 3079 1370 3145 Melam
1393 3080 1565 3164 Augustea
1591 3099 1739 3162 agnosco.

511 3187 609 3252 immo
624 3186 771 3272 Augusti
793 3186 958 3253 laterculis
973 3186 1079 3253 Melae
1101 3192 1267 3253 auctorem
1289 3207 1384 3252 usum
1407 3206 1478 3252 esse
1499 3206 1559 3272 pro
1581 3192 1652 3253 tota
1670 3187 1740 3253 eius

403 3313 486 3378 quae
520 3291 668 3360 sublucet
699 3292 817 3376 indole,
852 3314 971 3377 parum
1005 3292 1174 3378 probabile
1209 3299 1268 3360 est.
1324 3313 1429 3377 neque
1463 3292 1498 3359 id
1528 3292 1667 3359 efficitur
1701 3315 1742 3360 ex

404 3399 603 3466 coloniarum
625 3398 796 3482 mentione,
819 3399 861 3466 de
884 3398 1001 3484 quibus
1024 3397 1297 3488 Oehmichenns⁸)
1325 3402 1400 3484 egit.
1447 3421 1512 3485 quo
1542 3401 1577 3467 in
1607 3421 1740 3468 numero

403 3526 467 3582 non
497 3506 619 3573 liberae
648 3505 846 3591 reipublicae
878 3512 1004 3573 tantum
1037 3504 1263 3591 Caesarisque,
1296 3506 1353 3572 sed
1383 3528 1450 3572 una
1481 3513 1568 3574 certe
1598 3507 1742 3594 Augusti

402 3618 548 3699 apparet,
571 3613 724 3680 nimirum
745 3613 829 3681 Pola
855 3615 886 3693 2,
900 3616 943 3683 57
972 3634 1072 3698 quam
1098 3635 1164 3680 una
1190 3635 1264 3680 cum
1286 3613 1396 3680 Hasta
1423 3620 1456 3679 et
1479 3611 1557 3681 Gna
1587 3651 1631 3662 —
1661 3613 1741 3700 quid

402 3719 463 3787 sub
485 3719 538 3786 his
568 3719 688 3786 litteris
717 3720 819 3788 lateat
849 3719 1009 3786 incertum
1041 3725 1091 3788 est
1120 3757 1165 3769 —
1194 3720 1236 3786 ab
1266 3721 1337 3806 ipso
1367 3720 1456 3786 Mela
1489 3721 1637 3788 additam
1671 3743 1742 3789 esse

403 3825 643 3895 Oehmichenus
666 3826 811 3898 coniecit.
857 3827 910 3893 cui
933 3827 1077 3912 opinioni
1099 3828 1178 3913 quid
1200 3827 1318 3910 faveat,
1341 3827 1463 3895 frustra
1485 3827 1691 3912 quaesiveris.

508 3935 621 4018 itaque
654 3940 786 4019 praeter
820 3937 985 4000 auctorem
1017 3932 1112 4000 illum
1141 3933 1249 4000 Plinio
1276 3932 1448 4018 Melaeque
1481 3953 1682 3999 communem
1715 3932 1737 3998 i.

402 4038 594 4122 Varronem,
630 4039 671 4105 de
701 4060 765 4126 quo
798 4039 967 4125 postmodo
1001 4038 1131 4124 planius
1161 4058 1258 4123 agere
1291 4038 1529 4120 constituimus,
1560 4036 1673 4123 Nepos
1707 4043 1741 4105 11

383 4213 386 4224 ,
403 4143 542 4214 Sebosus
566 4152 600 4212 et
618 4151 657 4213 nt
670 4144 706 4212 id
723 4145 811 4231 quod
826 4145 860 4210 in
877 4165 1050 4212 excursum
1064 4144 1277 4230 relegavimus
1293 4165 1545 4228 praesumamus,
1563 4143 1740 4212 Sallustius

402 4251 444 4318 ab
468 4271 507 4318 eo
529 4252 668 4319 consulti
690 4257 775 4334 sunt,
799 4272 897 4337 quem
919 4250 1008 4318 Mela
1034 4251 1214 4336 exscripsit,
1243 4251 1307 4318 nisi
1334 4251 1408 4336 quis
1434 4251 1519 4318 forte
1542 4250 1740 4319 Sallustiana

402 4358 537 4425 aMela
571 4359 641 4444 ipso
675 4359 802 4427 adscita
836 4379 907 4425 esse
946 4358 1140 4426 contendere
1178 4359 1266 4440 velit,
1309 4359 1344 4426 id
1381 4357 1469 4444 quod
1506 4380 1579 4425 mea
1608 4359 1740 4444 quidem

402 4465 565 4532 sententia
586 4485 703 4551 parum
724 4465 893 4551 probabile
916 4472 975 4535 est.

510 4571 651 4656 denique
674 4578 783 4639 utrum
804 4572 861 4638 ille
882 4572 992 4640 Plinio
1013 4578 1110 4639 notus
1132 4571 1232 4639 luerit
1254 4592 1364 4651 necne,
1380 4562 1544 4656 quaerere
1562 4571 1666 4637 visum
1681 4575 1760 4642 est,

402 4698 469 4763 qua
490 4677 525 4745 in
546 4699 582 4744 re
605 4679 715 4763 magni
737 4684 787 4746 est
808 4681 963 4747 momenti
985 4679 1073 4764 quud
1093 4678 1221 4747 Plinius
1243 4679 1371 4763 saepius
1393 4682 1526 4762 praeter
1548 4698 1619 4744 eam
1641 4698 1741 4764 quam

512 4872 533 4939 1)
552 4869 718 4928 debellasti
736 4869 864 4926 doctrina
883 4871 957 4942 apud
974 4872 1077 4929 llelam
1095 4871 1177 4927 obvia
1195 4870 1231 4929 cl.
1250 4881 1390 4927 excursus:

511 4961 533 5031 ²)
552 4959 640 5016 Beitr.
659 4957 708 5015 111
726 4960 795 5017 1883
813 4977 842 5030 p.
860 4961 895 5016 22
914 4959 978 5016 adn.
998 4962 1014 5016 2
1033 4978 1060 5031 p.
1082 4961 1124 5018 36.

511 5045 533 5119 ⁸)
552 5045 627 5104 Plio.
646 5046 724 5105 aaut.
743 5046 813 5104 1880
831 5063 859 5117 p.
877 5047 959 5117 46sq.
