4275 6025
1039 661 1057 724 7
1141 749 1157 758 .

380 870 515 936 cedente
538 875 596 935 aut
612 868 762 937 Varrone
784 875 843 934 aut
864 867 899 935 id
922 867 1010 952 quod
1032 869 1160 953 saepius
1175 867 1303 934 ridetur
1318 888 1388 935 ease
1402 868 1525 936 factum
1540 870 1671 955 Nepote
1680 869 1715 955 ¹),

382 978 591 1062 antiquitatis
613 976 765 1042 videlicet
786 996 895 1045 eausa.

471 1089 653 1168 sequnntur
666 1081 815 1167 Agrippa
828 1079 967 1164 varroq
980 1079 1161 1164 Augustus,
1175 1079 1293 1164 quibus
1308 1081 1388 1164 quin
1403 1081 1578 1166 plnrimnm
1588 1080 1717 1148 Plinius

381 1191 510 1271 debeat,
535 1210 599 1255 non
622 1193 672 1253 est
694 1187 836 1254 dubium.
883 1193 953 1252 tum
974 1187 1084 1270 pergit
1106 1187 1282 1252 laterculus
1305 1186 1355 1252 his
1384 1186 1582 1253 nominibus:
1608 1186 1717 1255 Varro

382 1297 554 1374 Atacinus,
579 1292 749 1361 Cornelius
771 1292 891 1378 Nepos,
917 1293 1077 1377 Hyginus,
1101 1291 1140 1362 L.
1166 1291 1282 1372 Vetus,
1311 1292 1508 1377 Pomponius
1531 1291 1630 1359 Mela.
1676 1314 1717 1360 ex

381 1401 500 1486 quibus
515 1401 677 1466 Atacinus
692 1399 774 1466 obiit
788 1418 873 1465 anno
889 1396 1019 1484 717s37,
1033 1396 1145 1482 Nepos
1160 1404 1235 1482 post
1249 1417 1367 1463 annum
1383 1397 1548 1485 724)303),
1565 1399 1717 1483 Hyginus

379 1507 441 1573 sub
456 1509 608 1589 Augusto
624 1507 695 1575 fuit.
725 1507 789 1572 iam
805 1507 846 1572 de
862 1505 901 1571 Ι..
918 1506 1035 1571 Vetere
1054 1504 1181 1570 cautius
1197 1512 1231 1570 et
1244 1505 1409 1590 philologo
1425 1505 1553 1589 dignius
1568 1505 1717 1573 confiteri

380 1635 453 1680 cum
469 1615 659 1699 Miinzer04)
682 1634 740 1679 nos
762 1612 809 1679 nil
832 1613 915 1678 scire
937 1633 1037 1696 quam
1059 1633 1133 1677 cum
1149 1610 1372 1699 Wdlfflinio⁶)
1387 1610 1554 1678 hariolari.
1599 1611 1716 1680 deinde

379 1720 421 1785 de
444 1726 554 1787 aetate
568 1720 675 1785 Melae
697 1720 755 1785 din
778 1725 940 1785 certamen
963 1717 1034 1784 fuit.
1081 1716 1321 1785 Oehmiehenus
1340 1718 1425 1783 enim
1440 1717 1553 1802 primis
1569 1718 1715 1802 Augusti

379 1828 578 1910 temporibus
613 1848 686 1892 eum
721 1827 888 1910 scripsisse
924 1824 1107 1909 coniecitl).
1160 1845 1245 1909 quae
1277 1825 1387 1910 opinio
1423 1823 1618 1891 refutatione
1651 1847 1715 1892 non

378 1933 478 2016 digna
500 1931 597 2018 estll.
643 1953 718 1997 nam
741 1931 826 2016 quod
849 1930 871 1996 l.
888 1930 907 1995 l.
924 1951 956 2014 p.
974 1932 1015 2000 39
1032 1929 1162 2012 Melam,
1187 1932 1215 1996 si
1230 1936 1304 2014 post
1318 1930 1505 2016 Agrippam
1523 1931 1714 2016 scripsisset,

379 2041 475 2104 huius
501 2060 583 2122 opus
604 2059 669 2104 non
693 2038 917 2120 neglecturum
940 2036 1039 2102 fuisse
1062 2038 1236 2117 contendit,
1266 2039 1396 2123 egregie
1427 2037 1563 2105 fallitur.
1609 2058 1716 2124 neque

378 2147 465 2210 enim
488 2143 574 2210 Mela
596 2142 630 2206 id
654 2142 730 2224 egit,
759 2141 857 2205 utin
886 2161 939 2205 res
969 2161 1068 2224 quam
1099 2142 1342 2208 accuratissime
1370 2143 1559 2228 inquireret,
1590 2142 1648 2209 sed
1677 2149 1716 2211 nt

379 2255 606 2332 argumentum
628 2267 687 2331 per
713 2267 757 2325 se,
788 2246 871 2311 sicut
900 2247 969 2330 ipse
1001 2248 1219 2329 conqueritur,
1250 2245 1423 2314 facundiae
1451 2249 1583 2315 minime
1612 2270 1716 2336 capax

378 2356 546 2421 rhetorum
573 2352 654 2419 lucis
682 2358 860 2418 exornaret.
913 2351 1039 2418 accedit
1070 2352 1157 2437 qnod
1180 2354 1350 2437 Agrippae
1381 2375 1463 2439 opus
1492 2376 1715 2423 mensurarum

379 2462 583 2546 potissimum
607 2458 807 2543 diligentiam
827 2457 1022 2541 sectabatur,
1047 2479 1145 2542 qnam
1161 2459 1379 2544 geographiae
1393 2467 1522 2546 partem
1537 2459 1626 2526 Mela
1647 2461 1715 2528 iere

379 2568 499 2635 abiecit
507 2566 544 2652 ⁸).
591 2566 648 2632 sed
670 2572 782 2630 utrum
805 2563 865 2630 snb
881 2563 1030 2650 Caligula
1055 2587 1098 2630 an
1120 2564 1181 2630 sub
1198 2563 1337 2633 Claudio
1359 2566 1467 2644 fuerit,
1490 2569 1639 2652 quaestio
1653 2574 1713 2636 est.

376 2696 476 2760 quam
500 2674 673 2740 diiudicari
695 2694 788 2759 posse
810 2673 995 2757 desperavit
1018 2672 1099 2741 Otto
1115 2670 1265 2757 (lunta').
1312 2680 1346 2739 et
1369 2679 1456 2740 certe
1470 2674 1523 2740 hic
1537 2674 1715 2740 rectissime

377 2803 493 2867 parum
515 2782 721 2847 auctoritatis
744 2779 861 2846 tribuit
883 2781 914 2845 ei
930 2785 1131 2864 argumento,
1155 2800 1220 2864 quo
1236 2780 1325 2848 nisus
1340 2778 1477 2847 Carolus
1492 2778 1593 2846 Friclr
1607 2780 1714 2847 Melae

375 2887 645 2971 chorographiam
668 2885 729 2952 sub
748 2885 895 2969 Caligula
917 2886 1073 2970 scriptam
1096 2906 1165 2951 esse
1186 2886 1474 2973 pronuntiavit¹⁰).
1519 2884 1609 2953 Mela
1628 2888 1714 2955 enim

375 2993 464 3079 quod
489 2999 519 3074 i,
537 2997 580 3064 25
607 2992 705 3059 fluvio
727 2991 883 3058 Mulucha
914 2992 1154 3059 Mauretaniam
1184 2997 1216 3059 et
1248 2991 1440 3061 Numidiam
1469 2992 1714 3062 disterminatas

376 3120 447 3165 esse
469 3101 557 3182 dicit,
582 3122 646 3165 non
668 3099 829 3186 quadrare
851 3097 895 3165 ad
917 3096 1034 3165 Claudi
1056 3103 1199 3165 aetatem
1226 3100 1284 3185 qui
1314 3121 1400 3166 anno
1429 3103 1473 3170 42
1502 3120 1561 3186 pro
1584 3100 1714 3168 Maure·

376 3208 468 3271 tania
490 3213 523 3272 et
545 3206 703 3272 Numidia
733 3206 914 3290 provincias
936 3205 1159 3271 Mauretanias
1182 3205 1389 3289 Tingitanam
1413 3212 1447 3273 et
1468 3206 1712 3275 Caesariensem

377 3312 520 3377 instituit
542 3312 596 3397 (ci.
613 3333 640 3382 e.
658 3333 687 3395 g.
702 3311 767 3378 Dio
783 3310 874 3381 Cass.
892 3315 945 3390 50,
958 3313 1003 3395 9).
1036 3311 1223 3377 acutissime
1240 3332 1315 3378 vero
1335 3312 1514 3379 Eduardue
1529 3312 1713 3402 Norden¹²)

377 3416 498 3481 Melam
521 3420 551 3496 3,
565 3421 607 3489 49
630 3418 785 3484 adludere
807 3418 849 3484 ad
872 3417 991 3485 Claudi
1013 3439 1129 3486 nomen
1151 3418 1335 3485 observavit
1365 3418 1406 3485 cl.
1430 3418 1506 3487 Sen.
1529 3421 1653 3507 apocol.
1677 3425 1709 3491 8.

378 3521 497 3589 Claudi
511 3524 611 3607 igitur
626 3544 664 3590 eo
682 3523 752 3590 loco
767 3524 967 3608 triumphum
983 3523 1210 3590 Britannicum
1225 3523 1478 3607 intellegendum
1500 3546 1580 3592 esee.
1627 3548 1712 3611 quae

377 3631 539 3696 sententia
562 3632 689 3715 egregie
711 3630 861 3696 firmatur
875 3631 939 3698 alio
955 3630 1060 3697 Melae
1076 3630 1146 3696 loco
1162 3651 1226 3716 quo
1242 3632 1327 3697 viros
1344 3631 1454 3698 doctos
1468 3653 1534 3697 non
1549 3654 1625 3700 usos
1641 3655 1712 3702 esse

486 3876 506 3940 ¹)
525 3875 562 3933 ci.
581 3876 695 3931 hliinzer
712 3877 731 3931 l.
750 3877 768 3932 1.
787 3894 815 3946 p.
834 3878 933 3947 334sq.

485 3966 505 4036 ²)
526 3966 611 4020 semel
631 3964 722 4020 Varro
741 3969 805 4021 ante
824 3967 980 4037 Agrippam
998 3966 1151 4021 collocatur
1168 3966 1198 4020 in
1216 3966 1259 4021 lV
1277 3965 1377 4022 indice.

524 4056 570 4110 vel
588 4056 672 4110 etiam
690 4059 755 4125 post
773 4072 797 4110 a.
816 4056 927 4126 7277273
945 4055 1003 4113 diat
1020 4055 1142 4128 Augusti
1155 4055 1320 4126 principata
1337 4053 1421 4125 (Ptin.
1440 4058 1499 4112 nat
1517 4056 1627 4126 9137).

482 4143 505 4214 ⁴)
524 4144 542 4197 l.
565 4144 585 4198 l.
609 4162 636 4213 p.
655 4146 708 4199 130
729 4144 793 4200 adn.
822 4147 846 4199 1.
891 4145 1010 4199 similem
1037 4149 1120 4212 atque
1150 4144 1196 4198 hio
1227 4143 1394 4198 sententiam
1427 4142 1570 4199 Conradus
1600 4161 1711 4215 qnoque

373 4230 519 4287 Cichorius
536 4232 602 4286 tulit
621 4234 695 4303 apud
712 4233 873 4289 Schanzium
891 4232 955 4287 hist.
975 4233 1030 4289 litt.
1049 4232 1131 4287 Rom.
1150 4231 1182 4286 Π
1200 4234 1218 4288 2
1236 4249 1263 4302 p.
1276 4233 1338 4288 261.

483 4321 504 4393 ⁶)
523 4320 663 4379 Brasiaai
681 4340 747 4380 aaa.
765 4324 782 4378 3
801 4322 942 4393 (1874175)
960 4339 988 4391 p.
1001 4322 1063 4379 772.
1091 4322 1200 4377 cautim
1211 4321 1339 4389 Rehden,
1351 4318 1590 4390 Pauly-Wismwa
1601 4322 1618 4379 I
1629 4323 1710 4380 2560.

482 4412 505 4482 ⁶)
524 4410 599 4466 Plio.
617 4410 696 4467 stad.
715 4412 785 4467 1880
804 4428 831 4481 p.
850 4412 931 4480 34sq.

483 4503 506 4572 7)
523 4520 608 4556 unum
626 4502 738 4573 profero
757 4506 963 4574 argumentum:
983 4505 1048 4555 ante
1066 4500 1154 4555 Iubae
1176 4504 1295 4555 mortem
1316 4516 1371 4554 non
1389 4502 1507 4569 potuere
1524 4500 1617 4567 scribi,
1639 4517 1710 4570 quae

372 4588 504 4659 leguntur
522 4593 547 4659 1,
558 4592 592 4647 30
609 4592 653 4647 lot
666 4631 672 4644 .
686 4608 779 4649 ‚auae
796 4590 862 4661 quta
879 4590 966 4647 Iudae
983 4590 1061 4660 repta
1078 4589 1152 4660 fait
1169 4588 1277 4658 etquod
1290 4588 1424 4645 Caesmc
1434 4590 1556 4657 meatur,
1567 4589 1710 4646 inlustria.

483 4678 559 4750 ⁸)of.
572 4678 725 4746 Schweder,
744 4679 802 4735 Dte
822 4678 997 4734 Concordem
1015 4682 1065 4733 etc.
1083 4694 1178 4747 progr.
1196 4678 1262 4733 Kiel
1280 4677 1350 4733 1879
1369 4694 1396 4746 p.
1417 4678 1460 4731 10.
1496 4674 1711 4749 Philologusbt

371 4766 465 4838 (1895)
484 4785 512 4836 p.
531 4769 591 4825 539.
1232 4808 1235 4813 -

481 4856 503 4918 ⁹)
520 4854 553 4911 dc
571 4855 698 4927 dumento
716 4854 806 4911 Plinii
827 4853 1069 4926 geographicoram
1092 4856 1211 4910 wetere.
1249 4852 1315 4907 diss
1333 4852 1448 4907 Bonnae
1471 4852 1542 4910 1888
1562 4852 1632 4909 thes.
1650 4852 1709 4916 nn

470 4945 504 5015 ¹⁰)
523 4942 685 5013 Philologus
703 4946 737 4999 33
757 4945 849 5013 (1874)
876 4960 903 5013 p.
922 4944 983 4998 741.
1021 4942 1057 4999 ol.
1076 4944 1161 4997 etism
1179 4940 1303 4998 eiusdem
1320 4939 1411 4996 Melae
1429 4941 1496 4999 edit
1515 4940 1587 4997 1880
1604 4959 1632 5011 p.
1651 4940 1710 5005 HL

468 5035 504 5105 ¹¹)
522 5032 700 5104 Kuastprosa
716 5031 733 5087 I
752 5032 822 5088 1898
838 5050 866 5101 p.
886 5031 938 5087 305
960 5030 1024 5088 adn.
1042 5032 1068 5087 4.
