4275 6025
1081 746 1146 810 208
1247 834 1250 838 A

447 957 502 1038 (ci.
531 959 650 1039 2247.
684 961 716 1036 6,
730 961 782 1037 36,
815 961 858 1028 62
882 958 941 1040 al.)
973 958 1060 1023 illius
1094 963 1205 1024 autem
1233 953 1490 1038 chorographiae
1518 955 1657 1038 vestigia
1692 952 1780 1038 apud

447 1061 641 1130 Strabonem
656 1063 722 1129 late
738 1070 853 1148 patere
867 1065 900 1128 in
924 1064 1171 1129 occidentalium
1194 1068 1357 1128 terramm
1380 1061 1593 1145 descriptione
1608 1059 1781 1128 Schweder

447 1170 599 1255 opinatus
622 1176 679 1237 est.
727 1192 792 1255 quo
816 1173 953 1250 nomine,
977 1192 1049 1236 cum
1067 1169 1125 1235 ille
1139 1169 1204 1235 dno
1227 1190 1327 1254 opera
1340 1169 1435 1254 plane
1450 1168 1586 1247 diversa,
1610 1166 1781 1251 Agrippae

447 1282 481 1342 et
510 1276 654 1358 Augusti
687 1276 881 1355 confuderit,
918 1277 952 1341 in
986 1274 1123 1359 singulis
1161 1274 1254 1341 nobis
1283 1272 1506 1358 quaerendum
1535 1279 1585 1338 est
1616 1273 1781 1356 possintne

448 1382 598 1448 alterutri
645 1405 718 1452 oum
755 1382 986 1468 probabilitate
1026 1380 1137 1460 tribui,
1183 1402 1267 1465 quae
1312 1378 1484 1447 Schueder
1528 1377 1782 1463 chorograpbias

447 1487 629 1554 vindicavit.

555 1615 595 1660 ac
616 1596 756 1678 primum
780 1593 909 1678 quidem
926 1590 1097 1660 Schweder
1119 1613 1138 1657 e
1160 1589 1317 1656 Romanis
1338 1589 1480 1656 lontibus
1501 1591 1605 1675 petita
1627 1611 1783 1656 essenon

449 1702 518 1767 sine
548 1700 778 1785 probabilitate
815 1700 981 1766 contendit
1019 1715 1103 1782 qnae
1137 1697 1257 1765 Strabo
1280 1699 1344 1767 166
1376 1698 1416 1763 de
1438 1696 1619 1781 Hispaniae
1648 1694 1783 1760 admini-

449 1808 607 1873 stratione
628 1811 749 1874 narrat.
796 1813 909 1872 tamen
925 1806 1094 1889 Agrippae
1117 1806 1370 1889 chorographiae
1392 1805 1472 1869 haec
1487 1825 1551 1869 non
1567 1803 1679 1869 deberi
1693 1803 1783 1868 lucu·

450 1912 555 1977 lenter
577 1911 819 1977 demonstratur
848 1909 913 1976 fine
936 1910 1091 1976 Baeticae
1117 1913 1161 1977 ad
1183 1909 1391 1977 Castulonem
1421 1910 1540 1976 saltum
1570 1916 1684 1975 conus
1716 1909 1783 1974 eius
1878 1984 1881 1988 ,

450 2019 641 2084 sententiam
665 2019 849 2084 constituto.
895 2017 950 2082 sed
974 2018 1055 2082 talia
1083 2017 1208 2083 Romae
1230 2019 1408 2102 comperire
1431 2039 1452 2082 a
1475 2017 1621 2100 quolibet
1643 2015 1783 2100 proclive

450 2130 531 2193 erat.
577 2125 688 2208 itaque
718 2145 760 2188 ne
796 2122 969 2190 Schweder
999 2125 1129 2207 quidem
1161 2125 1242 2189 haec
1271 2124 1313 2189 ad
1346 2124 1530 2208 Agrippam
1567 2122 1677 2187 refert.
1727 2123 1786 2188 sed

450 2255 482 2316 p.
508 2234 572 2302 167
595 2229 789 2298 Strabonem
812 2253 853 2296 ex
874 2252 912 2296 eo
935 2232 1082 2297 hausisse
1104 2233 1168 2297 sibi
1190 2234 1366 2317 persuasit:
1390 2232 1440 2317 ῥεῖ
1461 2231 1496 2295 δὲ
1518 2229 1572 2294 dud
1594 2236 1657 2294 τῶν
1676 2226 1786 2294 Ἀστύ-

450 2363 514 2424 ριον
536 2340 663 2414 Μέλσος
685 2337 842 2420 ποταμός,
866 2339 921 2402 καί
943 2338 1057 2423 μικρὸν
1079 2335 1240 2423 ἀπωτέρω
1263 2337 1359 2415 πόλις
1382 2345 1489 2422 Νοῑγα
1517 2337 1573 2402 καὶ
1594 2337 1729 2422 πλησίον
1751 2333 1786 2398 ἐκ

363 2429 366 2434 ¹
451 2450 509 2508 τοῦ
531 2439 670 2508 ὠκεανοῦ
692 2438 847 2524 ἆνάχυσις
868 2437 1019 2530 ὁρίζουσα
1035 2446 1111 2522 τοὺς
1120 2444 1280 2531 ’Ἀσεορας
1302 2443 1372 2510 ἀπὸ
1386 2452 1449 2508 τῶν
1464 2439 1667 2527 Καντάβρων.
1705 2440 1785 2506 haee

453 2549 626 2618 Schueder
656 2549 882 2633 coniungenda
905 2553 1031 2616 censuit
1054 2572 1128 2616 oum
1143 2551 1217 2617 Div.
1242 2550 1310 2616 orb.
1333 2548 1528 2636 bHrepania
1542 2547 1704 2612 Lusitania
1718 2570 1786 2610 cum

452 2658 582 2720 Asturia
605 2669 632 2720 et
658 2654 821 2721 Gadaecio.
865 2659 971 2740 finitur
994 2658 1032 2720 ab
1055 2661 1163 2721 ονίιιιιε
1177 2656 1282 2722 Nosco
1297 2657 1454 2729 Asturum,
1478 2678 1553 2742 quac
1576 2666 1619 2719 est
1641 2657 1684 2718 ad
1703 2675 1786 2717 αιονι

452 2785 602 2828 manum.
648 2783 733 2847 quae
756 2783 835 2828 sane
858 2784 898 2827 ex
922 2763 1075 2848 Agrippa
1096 2762 1260 2827 fluxerunt
1287 2760 1706 2846 (cf.Plin.nat.4,118).
1752 2766 1787 2824 at

454 2868 573 2937 Strabo
596 2891 637 2935 ne
658 2872 791 2936 minimo
816 2871 948 2955 quidem
970 2871 1088 2936 indicio
1111 2868 1221 2955 prodit
1243 2870 1283 2934 de
1314 2869 1552 2952 provinciarum
1582 2869 1729 2934 terminis
1752 2888 1785 2930 se

453 2996 561 3060 agere.
595 2977 693 3043 immo
707 2978 782 3062 plus
798 2999 897 3062 quam
912 2978 1031 3044 mirum
1047 2985 1140 3058 esset,
1163 2979 1191 3041 si
1207 2977 1240 3042 in
1255 2975 1409 3041 Baeticae
1423 2973 1541 3040 finibus
1557 2975 1600 3040 ab
1616 2974 1785 3059 Agrippae

455 3082 609 3148 divisione
624 3085 837 3165 abscessisset,
861 3086 895 3150 in
910 3085 1102 3151 Lusitaniae
1125 3106 1196 3149 eam
1220 3084 1421 3167 arripuisset.
1459 3082 1586 3147 accedit
1601 3081 1689 3165 quod
1703 3083 1790 3146 inter

455 3190 625 3273 Agrippea
651 3189 764 3256 Noeca
790 3197 920 3257 tantum
946 3192 1103 3277 oppidum
1126 3195 1402 3266 commemoratur,
1435 3188 1607 3254 Strabonis
1631 3208 1707 3254 vero
1730 3186 1789 3251 de·

455 3296 587 3380 scriptio
618 3301 687 3361 tam
710 3296 854 3380 diligens
876 3303 1010 3381 tamque
1033 3298 1204 3382 perspicua
1226 3303 1284 3378 est,
1309 3301 1347 3361 ut
1369 3294 1464 3360 facile
1480 3294 1561 3359 mihi
1575 3292 1789 3378 persuadeam

455 3403 537 3468 haec
559 3424 633 3468 eum
656 3402 698 3468 ab
714 3405 818 3469 amico
835 3405 944 3488 aliquo
968 3405 1116 3470 Romano
1139 3409 1304 3488 comperta
1318 3402 1482 3481 babuisse,
1505 3402 1563 3486 qui
1576 3400 1668 3465 illum
1682 3400 1789 3465 locum

457 3530 566 3574 coram
598 3508 726 3574 viderit.
774 3509 924 3593 qualibus
955 3512 1148 3576 testimoniis
1179 3530 1244 3575 non
1274 3530 1338 3573 uno
1367 3508 1439 3573 loco
1466 3505 1587 3573 Strabo
1621 3526 1700 3570 usus
1728 3514 1788 3568 est.

565 3614 641 3680 dein
664 3618 818 3700 quioquid
841 3616 1022 3682 Romanam
1048 3618 1202 3700 originem
1225 3613 1449 3700 praesefert
1478 3614 1511 3677 in
1535 3611 1714 3698 Hispaniae
1736 3609 1790 3675 de·

458 3722 641 3807 scriptione,
665 3725 755 3789 velut
776 3728 838 3792 137
854 3723 911 3812 τὴν
929 3729 1073 3810 προσεχῆ
1096 3720 1198 3804 τούτῳ
1220 3720 1327 3807 χώραν
1341 3726 1380 3805 τῇ
1394 3721 1506 3805 λατίνῃ
1528 3721 1620 3804 φωνῇ
1639 3718 1791 3783 καλοῦσιν

458 3826 604 3904 Κούνεον,
628 3838 734 3916 σφηνα
749 3834 911 3915 σημαίνειν
924 3829 1114 3915 βουλόμενοι
1123 3830 1149 3910 ²)
1163 3830 1213 3895 vel
1230 3834 1296 3898 140
1314 3825 1353 3893 τὸ
1375 3833 1432 3914 τῆς
1454 3825 1633 3913 Φωσφόρου
1649 3823 1732 3912 ἱερὸν
1754 3822 1792 3912 ἢν

458 3936 590 3999 καλοῦσι
612 3934 728 4017 λοῦκεμ
751 3934 881 4019 desdiae
896 3940 964 4003 sim.
1004 3938 1173 4003 Schweder
1197 3958 1214 4000 e
1236 3934 1470 4018 chorograpbia
1484 3935 1588 4017 petita
1610 3952 1679 3998 esse
1700 3930 1792 3997 affir-

459 4047 536 4111 mat
582 4064 679 4126 quam
696 4043 877 4126 opinionem
893 4065 965 4109 cum
982 4044 1181 4121 argumentis
1203 4064 1267 4108 non
1291 4040 1374 4106 lulta
1396 4041 1447 4119 sit,
1464 4039 1609 4106 refutare
1630 4060 1694 4105 non
1710 4060 1792 4123 opus

458 4152 518 4214 est.
564 4147 652 4231 quod
674 4167 749 4212 vero
765 4145 884 4213 Strabo
910 4156 963 4215 tot
993 4147 1126 4213 exbibet
1147 4148 1240 4214 haec:
1262 4152 1399 4212 Λατῖνοί
1419 4170 1456 4212 τε
1478 4144 1680 4211 οἱπλεῖστοι
1702 4140 1792 4227 γεγό-

459 4274 534 4317 νασι
555 4254 610 4317 καί
633 4251 785 4330 ἐποίκους
801 4251 954 4338 εἰλήφασι
968 4252 1153 4337 Ῥωμαίους,
1177 4252 1256 4319 ebora
1278 4253 1391 4340 μικρὸν
1413 4250 1575 4336 ἀπέχουσι
1596 4257 1653 4317 τοῦ
1673 4250 1789 4323 πάντες

460 4352 541 4423 εἶναι
568 4355 728 4441 Ῥωμαῖοι.
775 4356 815 4423 αἵ
834 4382 870 4424 τε
892 4366 945 4424 νῦν
968 4366 1201 4445 συνῳκισμέναι
1230 4359 1351 4450 πόλεις,
1380 4358 1403 4448 η’
1424 4385 1461 4426 τε
1482 4359 1515 4426 ἓν
1537 4370 1607 4436 τοῖς
1629 4359 1790 4431 Κελτικοῖς

460 4464 693 4547 Παξαογοῦσεα
716 4467 768 4530 καὶ
790 4462 809 4554 ἡ
833 4464 865 4531 ἐν
887 4478 957 4544 τοῖς
985 4467 1193 4553 Τουρὸούλοις
1214 4464 1388 4553 Αὖγοῦστα
1416 4464 1569 4553 Ἠμὲριτα
1598 4465 1655 4529 καὶ
1675 4460 1695 4551 ἡ
1717 4462 1792 4540 περὶ

459 4570 534 4647 τούς
558 4573 751 4659 Κελτίβηρας
777 4580 1063 4659 Καισαραογοῦσια
1086 4575 1142 4637 καὶ
1163 4572 1262 4639 ἄλλοι
1284 4572 1365 4638 ἔνιαι
1387 4576 1559 4651 κατοικίαι,
1596 4573 1659 4637 nisi
1691 4570 1793 4636 cnivis

460 4677 586 4744 Romae
619 4677 747 4764 degenti
778 4680 967 4746 facillimum
1002 4682 1115 4747 luisset
1141 4683 1232 4764 scire,
1264 4703 1304 4747 ex
1332 4680 1479 4765 Augusti
1510 4700 1615 4765 opere,
1650 4699 1714 4743 non
1752 4698 1793 4742 ex

461 4784 697 4868 chorographia
720 4786 891 4871 Agrippea
913 4786 1044 4853 fluxisse
1068 4789 1241 4855 crederem.

553 5030 574 5101 ¹)
593 5029 695 5085 similis
711 5029 786 5100 apud
799 5029 901 5085 lislam
919 5033 945 5099 3,
957 5032 981 5099 7,
1001 5033 1049 5086 sed
1062 5032 1236 5089 desideratur
1246 5033 1448 5103 interpretatio,
1466 5049 1521 5102 qua
1538 5032 1600 5101 ipra
1611 5030 1794 5087 Straboniana

461 5132 519 5170 non
537 5134 572 5173 ex
590 5118 725 5189 scriptore
743 5117 846 5173 Latino
864 5137 989 5174 manasse
1008 5121 1172 5176 ostenditur.
