4275 6025
1051 708 1116 772 136

415 940 512 985 unam
534 919 692 1005 legionem
715 919 763 985 ibi
793 917 985 985 collocatam
1015 917 1117 985 fuisse
1147 923 1272 985 certum
1304 917 1398 997 est¹).
1445 918 1489 985 ad
1519 923 1647 1002 tempus
1677 941 1755 987 roro

415 1025 556 1092 auctoris
579 1042 677 1109 quem
692 1024 820 1090 Plinius
842 1023 896 1089 hic
918 1022 1081 1089 consuluit
1103 1022 1319 1089 definiendum
1343 1023 1389 1088 eis
1411 1024 1461 1089 uti
1475 1046 1645 1109 passuum
1668 1047 1752 1110 quae

414 1132 508 1198 initio
531 1134 550 1217 ἓ
573 1135 615 1201 81
639 1132 805 1216 leguntur:
830 1153 849 1192 a
866 1129 968 1213 Maro,
990 1130 1050 1194 eive
1068 1128 1174 1192 Duria
1196 1139 1238 1193 eet
1260 1153 1280 1192 a
1303 1127 1408 1194 Suebis
1429 1152 1574 1215 requieque
1596 1132 1756 1197 Veneriano

414 1240 559 1303 dirimens
590 1258 646 1323 eoo,
682 1260 785 1303 operm
818 1238 998 1302 Basternaei
1026 1248 1123 1301 teuent
1152 1237 1264 1321 aliique
1293 1238 1362 1300 iude
1398 1234 1558 1310 Germani.
1604 1240 1753 1307 Vannius

415 1346 502 1412 enim
523 1344 619 1430 paulo
641 1351 717 1430 post
738 1363 862 1411 annum
884 1366 915 1429 p.
933 1342 1012 1413 Ohr.
1037 1347 1078 1413 19
1101 1349 1296 1429 potestatem
1317 1344 1403 1424 iniit,
1425 1344 1512 1411 idem
1535 1347 1596 1413 sub
1613 1346 1755 1415 claudio

415 1472 499 1517 anno
520 1452 587 1518 iero
609 1473 642 1536 p.
667 1450 746 1521 (thr.
771 1455 816 1521 00
845 1472 946 1535 regno
974 1450 1089 1536 pulsus
1116 1451 1210 1537 est2).
1255 1456 1370 1517 auctor
1401 1459 1512 1518 autem
1540 1453 1597 1519 ille
1626 1453 1755 1521 valente

413 1578 513 1641 regno
528 1556 700 1627 Vanniano
724 1558 862 1643 scripsit.
902 1558 946 1623 ad
967 1555 1054 1623 idem
1069 1561 1196 1641 tempus
1212 1556 1370 1641 Iazygum
1390 1557 1521 1624 sedibus
1535 1559 1751 1645 perducimur.

413 1688 495 1753 quos
527 1667 612 1734 inter
643 1688 744 1734 annos
768 1670 809 1738 16
833 1672 866 1733 et
890 1669 933 1736 50
960 1688 993 1751 p.
1017 1662 1095 1731 Ohr.
1141 1664 1217 1749 (Or.
1240 1664 1335 1732 Pont.
1359 1671 1391 1748 4,
1418 1669 1448 1743 9,
1474 1670 1517 1737 60
1541 1664 1648 1733 Strab.
1672 1668 1754 1745 306)

413 1774 557 1840 medium
583 1774 772 1840 Danuvium
794 1774 912 1858 petisse
935 1769 1211 1857 Miillcnhoffins³l
1240 1772 1361 1838 docuit.
1414 1773 1584 1858 Agrippae
1614 1772 1754 1855 denique

413 1879 630 1965 fragmentum
652 1886 766 1965 postca
789 1880 945 1945 insertum
969 1899 1039 1944 esse
1062 1883 1201 1963 apparet
1220 1878 1272 1944 vel
1294 1899 1332 1945 eo
1355 1879 1443 1963 quod
1464 1880 1499 1945 in
1521 1878 1586 1946 fine
1607 1878 1687 1967 §81
1710 1880 1754 1944 ad

414 2006 453 2051 ec
474 1986 601 2052 reditur
622 2007 709 2071 quac
732 1991 809 2051 ante
832 1983 1002 2069 Agrippca
1023 1990 1218 2064 tractantur,
1242 1984 1333 2050 nulla
1354 1986 1481 2051 ratione
1503 1985 1617 2051 habita
1631 1986 1754 2070 Agrip-

412 2113 557 2177 paurum.

526 2197 583 2264 scd
604 2197 688 2265 hanc
710 2202 838 2284 partem
861 2218 883 2263 a
903 2198 1061 2282 periegesi
1084 2198 1223 2264 alienam
1246 2219 1315 2264 esse
1336 2198 1415 2283 ipsis
1437 2200 1629 2285 populorum
1651 2201 1753 2266 nomi·

413 2304 510 2371 nibus
533 2305 769 2389 comprobatur.
809 2325 868 2371 uec
890 2304 975 2371 enim
998 2305 1191 2371 conveniunt
1212 2306 1297 2371 inter
1319 2326 1354 2372 se
1377 2327 1461 2390 quae
1480 2312 1513 2389 4,
1526 2309 1569 2376 83
1585 2307 1752 2373 dicuntum

414 2422 506 2476 totum
529 2434 596 2477 eum
611 2422 738 2475 mactum
762 2421 857 2475 teneat
871 2409 967 2475 Sardi
982 2408 1111 2497 Scythae
1132 2422 1159 2475 et
1173 2409 1277 2476 Siraci
1299 2417 1332 2477 et
1347 2434 1431 2497 quae
1445 2418 1477 2490 4,
1489 2416 1547 2483 812
1571 2412 1752 2498 Scytharum

413 2539 520 2582 uomere
541 2540 750 2605 usquequaque
773 2520 882 2582 uacat
902 2520 935 2581 ia
958 2517 1116 2582 Sarmatae
1139 2530 1227 2605 atque
1252 2517 1431 2586 Gauranos.
1477 2542 1530 2585 uec
1555 2521 1626 2584 aliie
1647 2522 1752 2605 prisca

413 2626 468 2689 ilie
491 2629 612 2691 duravit
634 2627 807 2714 appellatio,
830 2648 923 2711 qaam
946 2627 1000 2709 qai
1022 2619 1146 2689 eatreou
1165 2626 1298 2710 qratiam
1312 2625 1420 2690 iarum
1434 2629 1531 2712 quoti
1543 2648 1640 2715 prope
1654 2628 1754 2691 ecura

413 2732 585 2796 modalibus
616 2734 735 2818 depuut.
782 2732 907 2799 accedit
937 2732 1022 2816 quod
1051 2738 1165 2817 gentes
1195 2732 1273 2799 illae
1295 2738 1327 2811 4,
1340 2736 1384 2802 80
1413 2733 1597 2798 nominatae
1627 2737 1685 2798 aut
1718 2732 1752 2795 in

413 2840 571 2924 periegesi
598 2860 662 2906 non
689 2839 907 2925 respiciuntur
933 2844 991 2905 aut
1017 2838 1091 2905 aliis
1121 2839 1252 2906 sedibus
1282 2838 1617 2925 commemorantur⁴).
1663 2838 1753 2904 velut

413 2944 517 3014 Getae
539 2946 714 3013 secundum
737 2945 915 3031 periegesin
938 2950 970 3025 4,
983 2951 1024 3016 41
1050 2946 1135 3013 citra
1155 2945 1308 3033 Histrum
1337 2946 1497 3030 habitant,
1524 2950 1555 3028 4,
1569 2949 1613 3017 80
1640 2966 1681 3010 ex
1703 2966 1754 3010 re-

412 3052 554 3117 centiore
583 3071 644 3116 usu
676 3071 749 3116 oum
780 3048 881 3117 Dacis
912 3050 1164 3132 confunduntur,
1196 3050 1280 3116 Daci
1309 3052 1411 3117 Aorsi
1440 3050 1540 3118 Alani
1566 3049 1752 3117 Rhoxolani

413 3157 562 3243 Iazyges·
576 3154 821 3241 Trogodytael)
852 3155 939 3239 apud
962 3154 1104 3222 Plinium
1125 3155 1160 3220 in
1189 3156 1346 3240 periegesi
1369 3155 1498 3222 omnino
1528 3176 1592 3221 non
1621 3161 1753 3221 exstant

413 3284 452 3330 aa
474 3285 514 3330 ne
535 3261 707 3328 fluuorum
738 3262 869 3346 quidem
900 3263 1032 3328 nomina
1061 3283 1177 3328 rursus
1207 3267 1373 3347 apparent.
1420 3261 1503 3329 adde
1534 3262 1623 3346 quod
1645 3261 1754 3328 Melae

413 3389 542 3454 qnoque
565 3367 673 3435 omnia
695 3368 753 3435 illa
775 3369 889 3452 ignota
911 3374 997 3435 sunt.

523 3476 577 3542 hic
599 3475 640 3541 de
661 3480 693 3558 4,
707 3477 750 3546 79
776 3476 944 3560 disputare
968 3497 985 3541 e
1007 3495 1043 3541 rc
1075 3475 1184 3546 fuerit.
1231 3475 1403 3542 Schueder
1426 3477 1512 3542 enim
1534 3475 1678 3541 Plinium
1700 3474 1754 3540 hic

413 3583 504 3650 fonte
527 3582 667 3668 quodam
691 3603 786 3648 usum
809 3602 879 3647 esse
902 3581 1028 3664 statuit,
1052 3581 1110 3666 qui
1132 3587 1207 3666 post
1220 3580 1331 3646 Tiberi
1347 3581 1389 3647 ud
1404 3580 1536 3648 Danuui
1551 3580 1673 3649 iontem
1688 3582 1754 3647 iter

412 3690 613 3774 conscriptus
636 3693 731 3756 esset.
772 3709 872 3773 quam
894 3689 1077 3779 opinionem
1100 3687 1250 3772 equidem
1277 3687 1395 3755 falsam
1418 3708 1488 3755 esse
1509 3686 1627 3758 iudico.
1674 3710 1751 3754 nam

411 3797 573 3875 Tiberius,
608 3796 691 3862 sicut
726 3795 846 3862 diserto
877 3793 1085 3882 Stmbonisl)
1106 3795 1291 3862 testimonio
1322 3794 1450 3874 scimus,
1484 3815 1506 3860 a
1526 3793 1601 3860 lacu
1625 3792 1754 3863 Veneto

411 3902 578 3990 proiectus
600 3908 661 3984 est,
684 3902 812 3969 Plinius
836 3923 876 3968 ex
898 3902 1033 3968 adverso
1048 3902 1185 3968 Raurici
1208 3923 1281 3967 eum
1305 3902 1462 3986 originem
1484 3901 1603 3968 ducere
1626 3908 1751 3970 narrat.

413 4009 501 4095 quod
523 4029 599 4077 vero
630 4007 810 4074 Rauricum
834 4005 964 4074 Galliae
986 4007 1140 4092 oppidum
1162 4007 1293 4090 dicitur,
1316 4006 1359 4072 ad
1381 4005 1416 4072 id
1439 4013 1569 4092 tompus
1592 4006 1749 4088 ducimur,

412 4138 477 4201 qno
500 4114 676 4183 Germania
705 4115 871 4198 provincio
901 4113 1044 4181 nondum
1076 4113 1228 4180 metituta
1255 4119 1336 4184 erat.
1382 4113 1440 4180 sed
1470 4112 1512 4180 de
1535 4113 1597 4180 hao
1620 4114 1692 4198 ipsa
1714 4135 1752 4182 re

410 4222 550 4305 litigant.
595 4220 678 4288 haec
700 4222 800 4305 igitur
824 4227 858 4286 et
880 4220 1034 4305 Agrippa
1057 4226 1091 4286 et
1113 4219 1222 4288 Varro
1244 4220 1327 4286 scire
1349 4219 1571 4304 potuerunt⁷).

413 4338 623 4351 ,-

521 4379 542 4450 ¹)
562 4376 598 4433 ci,
618 4377 803 4450 Kubitschclr,
821 4377 1059 4449 Pauly-wissowa
1077 4378 1125 4434 111
1143 4380 1221 4438 1601.

518 4466 541 4536 ¹)
560 4465 596 4522 cf.
616 4465 683 4520 Pac.
702 4483 764 4521 ann.
785 4468 810 4535 2,
820 4468 862 4524 63.
883 4468 979 4533 15‚29.

519 4555 542 4626 ⁸)
559 4553 697 4610 Ductoate
715 4552 962 4612 Altertumsleuude
978 4553 1027 4608 111
1046 4555 1116 4612 1892
1134 4571 1161 4624 p.
1181 4557 1224 4612 35.

518 4645 542 4713 ⁴)
560 4642 595 4700 ci.
614 4642 651 4697 de
668 4641 709 4696 eis
727 4641 937 4698 lliillenhoifioo
956 4643 974 4698 l.
994 4642 1012 4697 l.
1032 4643 1144 4712 passim.

519 4731 541 4802 Β)
559 4730 611 4786 hos
620 4732 646 4800 4,
656 4732 690 4786 41
704 4747 852 4801 perperam
861 4730 1069 4788 M‘u'llenhoifiuo
1080 4731 1098 4788 l.
1108 4732 1126 4786 l.
1136 4749 1163 4801 p.
1175 4731 1227 4787 146
1240 4730 1303 4788 adn.
1316 4731 1476 4787 coniectura
1486 4730 1517 4786 in
1529 4735 1637 4787 textum
1648 4732 1751 4788 intulit·

518 4822 541 4893 ο)
560 4821 613 4878 292
631 4816 778 4890 ἡμερήσιον
796 4817 878 4872 d’e’urd
898 4822 944 4887 τῆς
963 4817 1057 4888 λίμνης
1078 4820 1108 4890 (i.
1130 4819 1221 4875 lacum
1238 4819 1388 4891 Venetam)
1407 4819 1557 4890 προελθὼν
1580 4818 1649 4873 ὁδὸν
1673 4821 1750 4888 Τιβέ-

408 4929 465 4980 quos
483 4905 536 4963 eide
553 4907 603 4965 τὰς
620 4909 670 4962 τοῦ
686 4905 799 4981 Ἴστρου
818 4909 911 4980 πηγάς.

518 4998 540 5069 ²)
559 5015 595 5053 ex
619 4998 950 5067 sumptuariae
969 4997 1100 5054 Danuuii
1125 4999 1252 5054 martam
1278 4996 1374 5054 audiri
1400 5013 1456 5052 non
1483 4998 1608 5067 sequitur
1629 4997 1751 5053 Plinium

409 5085 500 5156 ipsum
518 5085 592 5158 opud
610 5085 720 5142 Danuui
739 5086 829 5142 lentes
849 5087 943 5143 fuisse.
