4275 6025
890 1532 935 1612 I.
964 1537 1027 1612 de
1054 1539 1360 1614 auctoribus

567 1750 598 1816 Ι.
622 1749 685 1832 qul
708 1747 873 1814 auctores
896 1745 1053 1874 adluitrliti
1076 1747 1161 1824 sint,
1184 1747 1224 1812 tu
1246 1747 1452 1814 uniuersum
1474 1749 1675 1831 quaeritur.

564 1929 603 1974 ac
624 1909 765 1993 primum
789 1903 920 1991 quidem
943 1925 1026 1990 quae
1050 1905 1136 1971 ratio
1159 1905 1245 1971 inter
1266 1905 1409 1971 indicum
1431 1905 1589 1974 HI-VI
1613 1910 1743 1978 nomina
1758 1919 1793 1979 et

455 2016 614 2082 librorum
637 2023 784 2079 auctores
807 2012 997 2093 intercedat,
1021 2017 1059 2076 ut
1082 2011 1222 2077 dilucida
1241 2013 1465 2096 perspiciatur,
1488 2013 1612 2079 indices
1634 2015 1698 2100 ipsi
1720 2039 1791 2104 per·

456 2129 637 2188 tractentur
664 2139 792 2185 neccsse
814 2125 871 2184 est.
919 2139 1057 2202 quorum
1085 2117 1226 2184 indolem
1255 2118 1312 2183 ubi
1341 2118 1448 2203 quoad
1475 2119 1544 2186 eius
1566 2119 1639 2186 fieri
1672 2127 1793 2208 poterit

457 2229 732 2316 explicaremus,
757 2227 813 2312 qui
835 2233 983 2294 auctores
1007 2226 1049 2293 ab
1072 2227 1143 2312 ipso
1163 2226 1272 2294 Plinio
1294 2227 1431 2311 inspecti
1454 2228 1529 2307 sint,
1553 2250 1639 2312 quae
1661 2233 1792 2299 nomina

455 2339 497 2407 ab
521 2337 592 2405 aliis
614 2335 784 2411 translata,
808 2334 1029 2417 quaerendum
1052 2339 1111 2399 cst.

560 2464 627 2528 qua
649 2443 683 2508 in
705 2462 742 2508 re
765 2443 828 2506 iter
850 2441 943 2507 nobis
966 2442 1095 2526 aperuit
1119 2439 1328 2508 Godofredus
1352 2440 1581 2525 Kentenich¹)‚
1609 2444 1665 2527 qui
1687 2446 1793 2529 primo

456 2550 691 2620 dissertationis
715 2550 821 2631 capite
844 2547 989 2612 libellum
1021 2546 1061 2612 de
1091 2547 1205 2612 insulis
1234 2546 1398 2631 quendam
1424 2546 1607 2614 adhibitum
1637 2571 1707 2616 esse
1737 2554 1794 2617 de-

457 2654 692 2741 monstravit²)‚
726 2654 831 2719 altero
862 2653 902 2718 dc
933 2651 1120 2737 Serapionis
1151 2653 1328 2737 geographi
1361 2660 1469 2721 aetate
1501 2675 1574 2721 cum
1609 2663 1790 2738 quaereret,

457 2763 651 2828 laterculum
681 2760 940 2844 geographorum
963 2757 1166 2825 Graecorum
1195 2758 1346 2827 aPlinio
1378 2782 1418 2826 cx
1448 2760 1537 2828 fonte
1566 2763 1599 2826 in
1633 2758 1791 2825 librorum

457 2865 520 2936 IV.
538 2867 580 2936 V.
597 2865 659 2936 Vl.
676 2865 797 2931 indices
814 2864 1007 2931 translatum
1023 2885 1092 2929 csse
1108 2863 1227 2945 docuit,
1251 2865 1286 2931 id
1298 2868 1383 2951 quod
1398 2868 1462 2933 iam
1478 2866 1713 2936 Oehmichenus
1729 2864 1751 2931 l.
1765 2863 1789 2930 L

457 2979 678 3061 perspexerat.
724 2981 823 3057 atque
854 2973 934 3038 haec
964 2973 997 3037 in
1025 2971 1150 3054 graecis
1180 2981 1348 3040 versantur
1377 2975 1573 3043 auctoribus.
1622 2974 1688 3040 iam
1715 2992 1792 3040 sero

458 3082 538 3147 mihi
561 3082 696 3147 Latinos
719 3078 953 3164 contempleris,
978 3100 1118 3163 quorum
1140 3079 1264 3146 indices
1287 3081 1341 3146 hic
1362 3082 1455 3148 iuxta
1478 3102 1648 3167 compono:

596 3292 644 3347 111
937 3291 979 3348 ιι
1128 3260 1132 3515 ἢ
1280 3293 1309 3350 v
1616 3292 1655 3351 vr

458 3398 610 3453 Turranius
629 3398 749 3454 Gracilis

460 3488 605 3542 Cornelius
624 3487 717 3558 Nepos

459 3579 489 3634 Τ.
510 3578 605 3631 Livius

460 3667 530 3721 Oato
549 3666 690 3721 censorius
815 3667 883 3721 (lato
902 3666 1040 3721 censorius

460 3755 501 3811 M.
520 3757 646 3827 Agrippa
816 3756 852 3811 u.
875 3754 964 3808 Varro
1155 3754 1283 3824 Agrippa
1448 3752 1452 3761 ’
1491 3753 1530 3812 AL
1549 3753 1679 3825 Agrippa

460 3890 497 3945 ll.
517 3889 606 3945 Varro
816 3887 853 3943 u.
873 3887 1000 3956 Agrippa
1153 3843 1299 3988 3⁰23ss
1318 3842 1451 3897 Panum
1491 3886 1530 3943 M.
1549 3887 1638 3943 Varro

461 4021 541 4075 divus
560 4020 702 4089 Augustus
815 4023 895 4076 divus
912 4021 1055 4091 Augustus

461 4110 549 4166 Varro
569 4109 704 4164 Atacinus
819 4111 907 4164 Varro
925 4110 1061 4163 Atacinus
1154 4109 1245 4166 Varro
1264 4110 1400 4165 Atacinus
1493 4108 1585 4164 Varro
1604 4108 1737 4163 Atacinus

461 4197 562 4253 Antias
816 4198 960 4253 Cornelius
979 4195 1074 4267 Nepos
1155 4198 1300 4254 Oornelius
1317 4198 1411 4269 Nepos
1492 4198 1636 4254 Cornelius
1655 4197 1747 4267 Nepos

460 4286 590 4357 Hyginus
818 4287 945 4358 Hyginus
1154 4287 1282 4359 Hyginus
1492 4287 1621 4357 Hyginus

461 4376 492 4431 Ia
513 4374 600 4429 Vetus
817 4374 849 4431 1..
870 4374 957 4429 Vetus
1155 4376 1187 4433 Ι..
1210 4375 1297 4431 Vetus
1493 4375 1526 4431 L.
1545 4376 1632 4432 Vetus

461 4462 631 4532 Pomponius
648 4459 724 4516 Mela
818 4465 892 4518 Mela
910 4463 1078 4534 Pomponius
1154 4463 1230 4520 Mala
1493 4462 1568 4518 Nola
1585 4462 1754 4534 Pomponius

462 4550 546 4604 Curio
564 4554 644 4619 peter

462 4638 572 4693 (laelius

462 4728 612 4781 Arruntius

525 4965 529 4973 ¹
572 4906 595 4974 ¹)
612 4905 745 4961 Analecta
762 4904 963 4961 numadum.
999 4905 1065 4962 diss.
1084 4906 1198 4962 Bonnae
1217 4908 1296 4965 1896.

571 4994 597 5065 ¹)
615 5010 643 5063 p.
661 4994 757 5049 5-17.
776 4995 811 5049 cl.
830 4994 915 5049 etiam
933 4992 1144 5066 Oehmichenus,
1163 4996 1196 5051 dc
1221 4995 1344 5055 Varrone
1359 4997 1511 5056 ctlsidoro
1527 4993 1797 5055 remisceatur

462 5082 537 5138 Aeta
554 5098 610 5139 soc.
629 5082 706 5152 Lips.
725 5080 770 5137 ΙΙΙ
788 5083 881 5154 (1813)
900 5098 927 5153 p.
946 5082 1008 5139 405.
1044 5081 1119 5141 Plias.
1138 5084 1218 5142 etad.
1238 5086 1309 5145 1880
1327 5104 1354 5158 p.
1373 5088 1441 5158 4sq.
