4275 6025
1104 730 1147 795 52

564 942 690 1011 duobus
725 947 836 1010 antem
867 940 1072 1027 potissimum
1102 941 1183 1007 locis
1212 962 1290 1007 usus
1320 945 1371 1007 est
1397 938 1579 1020 Schveder‚
1608 946 1648 1007 nt
1678 942 1798 1009 choro·

457 1051 629 1137 graphiam
652 1049 695 1116 ab
711 1051 865 1136 Angusto
887 1049 939 1116 vel
961 1049 1070 1135 potius
1093 1049 1163 1115 eins
1185 1050 1341 1115 instinctu
1355 1048 1568 1133 compositam
1582 1070 1652 1116 esse
1667 1049 1798 1117 demon·

457 1157 632 1245 strarst¹):
658 1158 761 1224 Divis.
785 1156 852 1224 orb.
880 1163 897 1226 1
924 1162 957 1223 et
978 1156 1064 1224 Plin.
1088 1160 1118 1237 3,
1132 1159 1185 1227 46.
1225 1158 1355 1223 sivero
1385 1156 1570 1223 accuratius
1599 1156 1795 1241 inspicimus,
1834 1164 1843 1177 ⁰

459 1266 649 1349 Augustum
680 1263 946 1348 chorographiam
980 1262 1210 1347 conscripsisse
1236 1280 1396 1346 nusquam
1427 1260 1586 1328 traditum
1614 1268 1673 1333 est.
1719 1283 1797 1328 nam

457 1370 541 1437 illud
557 1368 733 1436 Divisionis
755 1368 975 1435 testimonium
997 1388 1130 1453 prorsus
1151 1368 1249 1434 aliter
1263 1367 1486 1452 accipiendum
1500 1373 1559 1437 est
1598 1388 1636 1435 ac
1655 1368 1796 1453 primum

458 1475 589 1561 quidem
612 1473 819 1559 Schweder¹)
842 1474 1008 1558 vulgatam
1029 1472 1119 1558 apud
1139 1472 1302 1539 Dicuilem
1326 1476 1418 1561 (t,2)
1441 1474 1613 1541 lectionem
1634 1475 1796 1559 seqnitur:

457 1593 608 1647 tamarum
631 1582 710 1647 orbis
732 1579 825 1644 tribuas
852 1580 996 1643 dividitur
1022 1579 1193 1643 nominibus
1215 1578 1345 1666 Europa
1367 1581 1446 1643 Asia
1469 1580 1577 1643 Libia.-
1603 1582 1685 1667 qaod
1711 1582 1797 1644 ἀίυιω

456 1690 613 1775 Auptsstsss
636 1689 911 1779 primoomnium
933 1706 992 1773 por
1014 1685 1227 1770 clorcprcfiam
1250 1688 1388 1761 nonum
1411 1688 1458 1753 eic
1479 1686 1664 1773 Partheyus
1694 1686 1798 1754 edidit

454 1797 655 1863 auctoritato
687 1794 791 1861 fretus
822 1793 940 1859 codicis
962 1793 1102 1858 Parisini
1132 1793 1228 1878 (saec.
1251 1791 1304 1878 X)
1312 1791 1349 1879 ³).
1395 1801 1432 1860 at
1461 1793 1656 1861 Dreedensis
1688 1800 1797 1862 estate

457 1905 490 1971 ei
512 1924 635 1989 suppar
657 1924 745 1987 quem
767 1899 906 1984 exhibet,
930 1919 994 1965 non
1009 1901 1101 1985 qnod.
1139 1921 1238 1983 quam
1253 1900 1425 1967 lectionem
1444 1902 1626 1985 antiquitus
1641 1901 1796 1966 traditum

458 2009 559 2077 fuisse
573 2009 741 2075 Divisicns
764 2005 958 2073 ostenditur:
984 2027 1040 2092 que
1062 2003 1133 2072 cod.
1159 2004 1395 2075 Vatis-Pelet.
1419 2009 1507 2077 1357
1529 2006 1676 2091 praebet,
1707 2007 1796 2091 qnod

461 2138 501 2183 ex
516 2139 613 2203 poem,
636 2138 700 2181 non
716 2136 754 2181 ex
771 2115 850 2200 qood
864 2119 978 2179 notum
993 2119 1051 2179 est.
1086 2113 1217 2178 maioris
1232 2119 1340 2178 nutem
1362 2114 1515 2180 momenti
1530 2113 1611 2179 baec
1626 2113 1797 2180 diversitas

397 2260 399 2263 ·
462 2229 511 2290 est
534 2244 631 2308 quam
654 2223 756 2307 primo
785 2228 919 2306 aspectu
949 2221 1022 2304 quis
1053 2226 1193 2291 censeat.
1238 2242 1343 2305 neque
1372 2222 1459 2286 enim
1489 2220 1631 2305 probata
1660 2220 1798 2287 lectione

461 2352 549 2416 quem
573 2329 613 2396 de
634 2328 780 2414 Augusti
806 2327 1042 2413 chorographia
1072 2328 1247 2412 quicquam
1278 2327 1363 2393 effici
1391 2335 1509 2413 potest.
1555 2329 1583 2394 si
1613 2348 1688 2395 vero
1718 2329 1799 2413 quod

461 2442 575 2504 auctor
597 2434 652 2502 ille
674 2435 865 2520 scripsisset,
889 2434 1080 2501 manifestae
1100 2433 1325 2501 hariolationis
1348 2442 1433 2501 esset
1454 2456 1539 2502 reus.
1585 2457 1690 2521 nsque
1712 2438 1797 2502 enim

460 2564 572 2609 verum
595 2549 645 2608 est
672 2541 783 2608 orbem
814 2540 857 2607 ab
879 2542 1035 2625 Augusto
1064 2541 1169 2626 primo
1199 2540 1359 2606 trifariam
1391 2541 1528 2607 divisum
1563 2562 1642 2609 esce.
1687 2549 1798 2608 tamen

460 2649 600 2730 Riesius,
624 2650 681 2734 qui
704 2649 739 2715 in
762 2648 865 2716 Divis.
890 2648 959 2714 orb.
987 2654 1003 2716 l
1028 2654 1117 2713 recte
1139 2647 1255 2713 edidit:
1282 2670 1370 2733 qoem
1391 2649 1479 2712 dicus
1501 2649 1655 2733 Aopururs
1680 2650 1801 2735 primus

460 2778 518 2842 par
547 2755 797 2842 ctoroprapticm
828 2755 964 2837 ostendit,
1000 2753 1137 2819 Dicuilis
1169 2754 1265 2821 verba
1297 2752 1338 2819 de
1367 2754 1451 2820 libro
1482 2755 1623 2839 quodum
1653 2756 1800 2839 Augusti

463 2863 633 2946 aocepit‘).
680 2884 778 2947 quam
814 2862 996 2946 opinionem
1030 2867 1068 2925 ut
1102 2859 1218 2926 falsam
1252 2867 1340 2926 recte
1374 2861 1495 2931 reiecit.
1542 2867 1578 2927 ot
1609 2882 1650 2927 ne
1688 2861 1801 2928 subest

460 2967 592 3053 quidem
615 2967 680 3033 illis
703 2966 819 3034 verbis.
865 2986 940 3032 nam
963 2966 1085 3052 optime
1115 2986 1149 3032 se
1179 2965 1288 3044 babet,
1318 2966 1407 3051 quod
1435 2967 1595 3035 traditum
1624 2973 1674 3035 est
1703 2990 1800 3055 prtem.

464 3096 577 3142 revera
600 3076 685 3141 euim
707 3073 865 3141 Romanis
888 3077 1060 3160 Augustus
1087 3076 1210 3159 primus
1239 3077 1350 3141 orbem
1381 3081 1543 3142 terrarum
1572 3076 1696 3159 pictum
1726 3095 1800 3160 pro·

462 3181 582 3266 posuit,
613 3201 710 3264 opere
733 3181 775 3248 ab
797 3183 901 3248 amico
923 3181 1054 3267 quidem
1077 3181 1239 3264 incohato,
1271 3182 1327 3247 sed
1357 3182 1401 3248 ab
1429 3184 1501 3267 ipso
1531 3183 1574 3249 ad
1603 3180 1701 3248 finem
1729 3202 1801 3267 per·

465 3287 572 3367 ducto,
604 3287 639 3352 id
666 3287 754 3371 quod
776 3287 897 3355 diserte
919 3289 1034 3354 testuri
1057 3286 1200 3354 Plinium
1223 3289 1339 3374 (3,17)
1361 3289 1417 3354 vix
1446 3293 1496 3355 est
1524 3288 1611 3373 qnod
1641 3308 1800 3355 moneam.

463 3413 571 3477 neque
594 3393 695 3477 igitur
717 3394 953 3481 chorograpbia
975 3395 1096 3462 librum
1122 3395 1335 3479 qualemlibet
1365 3394 1533 3480 siguificat,
1565 3393 1621 3460 sed
1652 3393 1801 3460 tabulam

463 3499 596 3584 pictum.
642 3498 754 3565 eodem
776 3507 886 3567 antem
909 3521 1005 3566 sensu
1027 3523 1066 3567 es
1088 3522 1151 3566 vox
1173 3520 1223 3584 ap.
1247 3499 1333 3568 Vitr.
1358 3505 1388 3583 8,
1406 3504 1475 3585 2,6
1498 3500 1672 3567 invenitur:
1700 3502 1802 3586 capite

463 3604 635 3688 fluminum,
659 3627 735 3691 quoe
757 3606 826 3669 orbe
849 3616 996 3670 terrorum
1012 3606 1274 3692 cloropraplriffl)
1292 3607 1374 3691 picta
1392 3608 1520 3691 itcnsquc
1540 3607 1653 3692 scripta
1664 3606 1803 3692 plurimo

466 3712 660 3797 nummoque
682 3711 872 3776 inveniuntur
894 3732 1009 3797 opressa
1031 3711 1068 3774 ab
1091 3715 1293 3798 septemriouc.
1339 3733 1444 3796 neque
1465 3713 1580 3779 inutile
1595 3712 1724 3778 videtur
1740 3712 1803 3779 hcc

465 3819 538 3887 loco
561 3818 743 3886 Ptolemaei
764 3817 864 3885 verba
897 3820 931 3884 in
953 3821 1142 3885 memoriam
1165 3840 1315 3886 revocare
1345 3821 1403 3903 qui
1432 3821 1525 3888 dicit:
1558 3819 1661 3904 praef.
1684 3826 1715 3893 1,
1735 3822 1802 3901 1,6

465 3921 545 3990 ὅθεν
566 3921 667 4011 ἐκείνῃ
689 3925 723 4011 (i.
747 3923 1014 4010 chorographiae)
1038 3923 1086 3988 δεῖ
1108 3928 1345 4011 τοπογραφίας,
1377 3925 1433 3989 καὶ
1462 3923 1536 3990 οὐδὲ
1565 3921 1612 4003 εἷς
1641 3923 1683 3989 civ
1705 3947 1805 4012 χωρο-

466 4031 668 4121 γραφήσειεν,
691 4028 720 4096 εἰ
741 4030 786 4119 μὴ
808 4030 964 4118 γραφικὸς
986 4025 1074 4119 ἀνήρ.
1098 4030 1200 4119 ταύτῃ
1223 4030 1257 4097 δὲ
1280 4040 1338 4119 (sc.
1355 4032 1586 4119 geographiae)
1606 4033 1644 4097 οὐ
1661 4031 1803 4110 πάντως,

467 4140 525 4205 ubi
545 4138 701 4225 pingendi
723 4141 812 4205 notio
835 4142 967 4205 invoco
989 4144 1198 4226 τοπογραφία
1221 4144 1367 4224 apparet.

572 4266 656 4330 quae
680 4246 707 4312 si
730 4246 989 4330 consideraveris,
1014 4266 1078 4312 non
1098 4251 1185 4313 recte
1200 4246 1286 4312 hunc
1300 4246 1406 4313 locum
1420 4267 1442 4312 a
1457 4243 1648 4328 Schwpdero
1663 4248 1806 4315 nocitum

469 4409 669 4420 —nnn-

578 4494 598 4564 ¹)
617 4492 708 4549 Beitr.
734 4491 764 4548 11
786 4493 854 4549 1878
872 4509 899 4562 p.
919 4495 936 4550 2
954 4495 983 4547 et
1001 4494 1082 4562 tssq.

577 4581 707 4652 pecie.
726 4582 742 4637 I
760 4582 830 4638 1876
847 4599 876 4651 p.
894 4583 978 4652 43sq.
1010 4581 1368 4652 or.111878p.4osdn
1388 4586 1412 4639 1.

579 4672 601 4740 ⁸)
619 4669 803 4726 recentiorum
821 4671 949 4724 codicum
966 4670 1100 4726 lectiones
1118 4672 1183 4726 nolo
1201 4670 1365 4727 exscribere.

578 4762 599 4831 ⁴)
620 4759 722 4830 Geogr.
741 4759 788 4814 lat.
807 4761 873 4816 min.
894 4760 964 4816 1878
982 4778 1009 4829 p.
1028 4758 1081 4815 xl.

579 4851 600 4920 ⁶)
619 4849 666 4904 hic
683 4865 782 4918 purum
804 4847 892 4903 refert
913 4853 1007 4903 utrum
1034 4865 1098 4903 cnm
1125 4848 1266 4905 codicibus
1293 4849 1498 4923 clcropropliie
1525 4851 1644 4924 legatur,
1671 4869 1707 4906 sn
1734 4852 1811 4910 sicut

469 4937 610 5009 prioribus
637 4934 810 5005 temporibus
837 4935 1003 5005 vulgabatur
1030 4936 1236 5009 cborcprcpbs'e.
1274 4955 1338 4992 nem
1368 4939 1392 4993 ci
1415 4940 1623 5011 chorogmphus
1646 4940 1670 4994 is
1694 4941 1811 5010 estqui

469 5027 595 5082 tsbulcm
618 5024 833 5096 gecgmpbicam
859 5025 960 5096 pingit,
986 5026 1083 5096 utique
1110 5042 1178 5081 voce
1205 5026 1425 5097 chorograpbire
1452 5029 1542 5099 ipsam
1568 5028 1693 5102 tabulam
1720 5029 1809 5100 signi·

469 5115 554 5171 ficere
572 5115 646 5170 licet
