4275 6025
1076 711 1119 776 60

989 799 1204 812 —-—

610 922 757 990 Dimens.
783 925 824 994 17
848 921 935 1008 long.
964 909 1165 988 CUJTXXX
1182 917 1241 986 lat.
1268 909 1434 985 ciffi
1434 920 1461 1006 ¹)

610 1029 707 1102 Oros.
732 1027 1096 1116 1‚2‚102(53)10ng.
1121 1018 1290 1093 &effi
1304 1027 1362 1095 lat.
1386 1018 1537 1094 m
1532 1029 1570 1116 ¹).

532 1191 572 1257 de
595 1191 797 1276 longitudine
820 1179 1001 1276 praeter'X
1023 1189 1180 1256 convenit.
1225 1195 1261 1255 at
1288 1194 1358 1256 toto
1382 1190 1471 1255 caelo
1494 1189 1617 1256 distant
1639 1191 1766 1256 numeri

426 1297 569 1363 Pliniani
593 1301 624 1380 3,
637 1301 680 1367 84
704 1303 803 1380 atque
825 1297 924 1362 etiam
947 1293 1164 1377 sedifferunt,
1189 1295 1277 1379 quod
1294 1299 1446 1378 quattuor
1462 1293 1641 1362 insularum
1660 1294 1766 1364 latera

426 1405 741 1471 circumscribuntur.
781 1404 856 1471 dein
882 1425 924 1469 ne
946 1403 1109 1469 diarmata
1135 1401 1266 1486 quidem
1297 1402 1500 1468 conveniunt.
1540 1424 1616 1469 nam
1639 1404 1764 1470 Plinius

426 1501 522 1597 (tar)
544 1510 587 1578 ab
611 1511 728 1578 Africa
751 1511 873 1578 distare
896 1509 1081 1577 Sardiniam
1104 1509 1195 1588 dicit,
1218 1506 1387 1595 τριακόσια
1410 1507 1581 1577 Strabonis
1603 1509 1765 1598 χωρογρά-

425 1641 496 1704 φος.
543 1640 582 1686 ac
605 1624 712 1704 potest
735 1619 865 1704 quidem
888 1617 1025 1683 fierint
1052 1616 1107 1683 hic
1136 1636 1289 1682 numerus
1320 1614 1519 1682 emendetur.
1566 1638 1764 1702 quamquam

425 1727 567 1792 rationes
590 1725 707 1810 quibus
723 1725 909 1791 Partschius
931 1722 953 1790 l.
970 1723 991 1788 l.
1008 1745 1038 1808 p.
1054 1725 1098 1792 48
1120 1721 1183 1787 hoc
1205 1720 1359 1799 defendit,
1382 1720 1463 1786 mihi
1485 1742 1549 1788 non
1571 1722 1763 1807 probantur.

425 1835 574 1918 quamvis
596 1835 699 1918 igitur
722 1854 798 1898 orae
814 1817 1077 1916 septentrionalis
1093 1850 1276 1895 mensuram
1292 1827 1396 1894 multo
1411 1827 1589 1912 longiorem
1605 1829 1766 1896 indicasse

425 1940 570 2006 Plinium
593 1962 657 2007 non
681 1961 752 2006 eam
775 1939 897 2005 infitias
905 1938 944 2024 ⁴),
975 1943 1086 2004 tamen
1115 1959 1180 2003 non
1210 1935 1305 2003 modo
1333 1936 1402 2001 eins
1425 1957 1604 2018 mensurae,
1636 1937 1694 2002 sed
1724 1958 1768 2003 ne

425 2047 512 2113 ratio
535 2047 666 2131 quidem
689 2045 845 2112 metiendi
869 2067 941 2112 cum
963 2044 1136 2129 Agrippas
1158 2043 1326 2124 consentit,
1352 2044 1409 2126 qui
1431 2043 1665 2127 longitudinem
1688 2043 1767 2110 lati·

426 2153 639 2236 tudinemque
661 2172 782 2236 ponere
805 2151 897 2228 solet.

535 2258 651 2326 deinde
689 2255 853 2322 Arcadim
899 2255 1132 2340 descriptiones
1170 2253 1273 2338 (Mela
1310 2258 1341 2335 2,
1354 2256 1398 2322 43
1441 2253 1527 2322 Plin.
1567 2259 1600 2332 4,
1612 2258 1666 2325 20.
1706 2257 1764 2342 21)

427 2363 598 2434 Schweder
620 2365 717 2434 Beitr.
741 2363 780 2431 II
802 2386 833 2449 p.
859 2367 899 2433 31
925 2362 1116 2447 composuit.
1162 2362 1215 2426 cui
1244 2359 1306 2426 hoc
1328 2361 1398 2427 loco
1420 2361 1517 2444 plane
1537 2363 1666 2431 accedo.
1705 2385 1766 2430 nec

425 2479 536 2540 tamen
564 2472 638 2538 inde
668 2473 758 2554 origo
782 2471 953 2556 Agrippea
976 2467 1213 2554 comprobatur,
1247 2488 1319 2534 cum
1350 2468 1431 2534 nihil
1461 2469 1540 2535 insit
1573 2469 1660 2555 quod
1690 2470 1766 2536 huic

426 2580 550 2646 auctori
573 2578 671 2644 liceat
693 2577 849 2646 tribuere.
895 2576 1086 2660 oppidorum
1109 2580 1219 2640 autern
1243 2575 1359 2640 seriem
1383 2575 1559 2641 secundum
1581 2575 1764 2643 litterarum

425 2684 572 2749 ordinem
594 2683 784 2768 dispositam
806 2687 837 2760 4,
851 2685 895 2752 ‘22
918 2680 1065 2765 Augusti
1088 2701 1158 2746 esse
1181 2686 1328 2765 apparet.
1370 2701 1410 2745 ea
1432 2686 1541 2745 autem
1564 2701 1639 2747 cum
1661 2687 1764 2749 totam

425 2789 684 2874 Peloponnesum
707 2787 933 2871 amplectatur,
957 2787 991 2852 id
1008 2787 1097 2870 quod
1113 2785 1284 2853 Schweder
1306 2807 1436 2870 quoqne
1458 2787 1613 2870 agnoscit,
1638 2809 1658 2854 a
1681 2790 1766 2872 peri·

426 2898 514 2979 egesi
537 2897 643 2962 aliena
666 2901 724 2962 est.

535 3004 686 3089 deinceps
716 3001 890 3072 Schweder
919 3000 1086 3068 Diuisione
1117 3000 1205 3067 orbis
1235 3006 1422 3086 comparata
1452 3025 1483 3086 p.
1508 3004 1605 3087 34sq.
1635 3003 1765 3070 demon-

426 3116 530 3175 strare
562 3118 696 3176 conatus
728 3117 777 3175 est
804 3108 946 3175 Plinium
975 3108 1160 3193 Melamque
1190 3108 1332 3193 pendere
1366 3130 1406 3173 ex
1440 3109 1675 3193 chorographia
1706 3110 1765 3178 illa

425 3216 584 3286 Romana.
631 3216 766 3301 proinde
788 3216 872 3282 hanc
895 3218 963 3282 eius
986 3216 1214 3300 disputationis
1237 3221 1362 3299 partem
1392 3216 1428 3282 in
1451 3236 1585 3282 examen
1608 3238 1766 3284 vocemus.

425 3320 574 3387 undecim
599 3328 708 3387 autem
730 3324 817 3389 locos
832 3320 920 3388 Plini
942 3322 1143 3387 enumeravit
1164 3340 1245 3404 quos
1267 3318 1527 3388 aMiillenhoffio
1549 3328 1637 3387 recte
1654 3323 1766 3391 choro·

425 3426 582 3511 graphiae
605 3428 743 3494 tributos
767 3447 836 3493 esse
859 3427 1036 3494 contendit.
1082 3425 1262 3510 exquibus
1285 3426 1444 3510 quosdam
1472 3428 1536 3493 iarn
1559 3428 1764 3503 absolvimus.

425 3534 491 3598 iam
515 3532 555 3599 de
579 3536 625 3599 eis
648 3534 706 3618 qui
728 3538 853 3599 restant
874 3533 1049 3598 videamus.

534 3640 768 3724 proficiscimur
791 3646 900 3705 autem
922 3661 995 3705 cum
1019 3638 1207 3705 Schwedero
1231 3659 1252 3704 a
1275 3634 1405 3705 Galliae
1428 3638 1555 3719 finibus,
1580 3640 1621 3705 de
1645 3641 1764 3724 quibus

429 3746 598 3831 Agrippae
621 3747 838 3831 fragmentum
861 3750 967 3811 exstat
983 3744 1071 3829 apud
1086 3743 1231 3810 Plinium
1246 3749 1278 3827 4,
1293 3749 1356 3823 105
1372 3745 1429 3811 ubi
1445 3744 1557 3813 Gallia
1572 3753 1702 3812 comata
1718 3748 1767 3813 sic

427 3853 714 3919 circumscribitur:
745 3850 919 3917 Galliarum
941 3853 1016 3915 inter
1035 3851 1179 3915 Rhenum
1201 3862 1229 3915 et
1250 3852 1441 3936 Pyrenaeum
1463 3864 1552 3938 atque
1573 3874 1713 3917 meanum
1728 3877 1768 3917 ac

427 3972 538 4025 montes
553 3959 719 4026 &bennam
731 3971 759 4024 et
772 3960 867 4044 Iuree,
880 3958 986 4045 quidus
997 3956 1225 4044 Narbonensem
1241 3953 1376 4020 Galliam
1388 3958 1515 4022 excludit
1525 3959 1584 4046 (sc.
1593 3960 1767 4045 Agrippa),

425 4066 638 4151 longitudinem
666 4057 844 4132 W
865 4066 1053 4129 latitudinem
1076 4054 1290 4129 UOEWI—IT
1308 4065 1530 4152 computavitl).
1577 4068 1663 4132 unde
1690 4088 1765 4153 cog-

424 4176 569 4240 noscitur
600 4174 689 4259 apud
719 4174 862 4241 Plinium
899 4178 928 4255 3,
944 4176 985 4242 31
1017 4171 1097 4238 fines
1127 4172 1309 4255 provincias
1332 4170 1552 4239 Narbonensis
1588 4174 1764 4240 secundum

425 4277 610 4363 Agrippam
624 4282 775 4350 indicari:
800 4282 1006 4346 Narbonensis
1026 4281 1182 4366 provinn‘a
1205 4326 1214 4343 .
1239 4330 1247 4345 .
1271 4302 1359 4345 amne
1390 4280 1463 4345 Varo
1478 4282 1516 4344 ab
1531 4281 1624 4344 Italic
1638 4284 1765 4347 dumeta

425 4383 642 4470 Alpiumque.
668 4435 676 4453 .
701 4390 788 4474 iupis,
821 4413 840 4453 a
871 4389 988 4475 reliqua
1014 4408 1082 4451 uero
1109 4384 1213 4451 Gallia
1241 4387 1329 4451 latere
1359 4388 1584 4473 septentrionali
1615 4390 1766 4454 mamilae

535 4560 558 4631 ¹)
577 4578 706 4617 numerus
724 4564 760 4619 ad
781 4565 974 4635 corrigendum
994 4564 1116 4634 priorem
1135 4563 1289 4634 adscriptus
1308 4563 1409 4619 falsum
1426 4564 1520 4619 lacum
1539 4566 1692 4636 occupavit.

534 4651 555 4721 ²)
575 4650 615 4705 sic
634 4652 719 4706 etiam
738 4653 881 4724 cosmogr.
900 4671 927 4723 p.
948 4656 1008 4719 102,
1028 4657 1061 4711 11
1082 4653 1174 4709 Riese.

535 4739 556 4809 ⁸)
575 4738 611 4796 cl.
632 4741 702 4797 1500
721 4743 790 4799 stad.
810 4742 877 4800 Itin.
896 4745 1000 4799 Antan.
1019 4762 1046 4815 p.
1066 4745 1120 4799 240
1137 4742 1216 4800 Ρ.-Ρ.

535 4828 559 4896 ⁴)
578 4831 608 4882 at
625 4827 745 4883 invicem
763 4845 793 4883 se
815 4830 924 4883 numeri
947 4834 1069 4886 tuentur.
1107 4836 1240 4899 quattuor
1263 4831 1335 4886 enim
1358 4832 1446 4886 latera
1469 4832 1594 4888 efficiunt
1618 4832 1765 4886 circuitum

424 4904 566 4970 DEXXV
580 4933 607 4986 p.
628 4915 757 4971 circuitus
777 4921 869 4971 autem
888 4910 1016 4974 mm
1048 4909 1178 4988 X‘igitnr
1196 4922 1303 4973 tanturn
1320 4923 1441 4974 erratum
1454 4925 1504 4977 est.
1540 4920 1660 4976 laterum
1673 4925 1767 4975 autem

424 5020 568 5071 mensuras
586 5006 669 5063 Mart.
689 5004 756 5075 (lap.
776 5006 828 5061 645
847 5004 1002 5063 confirmat

533 5096 554 5165 ⁶)
573 5094 609 5150 de
627 5094 747 5149 numeris
766 5110 834 5164 quos
852 5111 925 5148 nune
943 5093 1054 5164 quidem
1073 5111 1130 5150 non
1148 5112 1275 5150 curamus
1295 5096 1329 5152 cl.
1349 5095 1511 5154 Partschius
1530 5099 1548 5153 l.
1567 5099 1586 5155 l.
1605 5116 1633 5169 p.
1653 5100 1696 5155 32.
