4275 6025
498 931 529 1009 5,
543 931 562 996 5
580 927 675 991 altera
691 928 822 1011 Aapsati
835 927 951 991 calama
966 938 1008 992 eet
1024 927 1132 991 Babba
1148 927 1229 991 Iulia
1244 927 1416 1012 campestra
1431 924 1584 1011 appellata
1598 935 1626 989 et
1640 925 1726 988 tertia

395 1031 521 1097 Banasa
529 1034 555 1119 ¹)
573 1081 606 1098 ..
638 1032 776 1097 Valentia
797 1035 975 1119 cognomine.

501 1139 680 1206 notandum
704 1146 753 1207 est
775 1149 907 1225 praeter
925 1142 1055 1208 nomina
1079 1140 1119 1206 de
1141 1142 1207 1207 situ
1228 1161 1359 1225 quoque
1376 1138 1574 1203 coloniarum
1595 1157 1726 1203 accura-

395 1246 518 1312 tissime
534 1247 597 1328 agi.
643 1246 728 1311 idem
752 1247 785 1311 in
801 1246 963 1331 Hispania
986 1245 1232 1332 septentrionali
1255 1245 1309 1329 (ci.
1325 1266 1356 1329 p.
1376 1244 1453 1329 144)
1469 1243 1725 1309 observavimus:

392 1356 608 1434 4,111.112.
655 1352 816 1436 porroet.

500 1462 530 1538 5,
544 1462 586 1528 20
611 1456 761 1523 Cartenna
784 1439 896 1522 comnia
911 1459 1051 1543 Augusti.
1097 1458 1173 1542 lepio
1188 1461 1325 1524 aranda
1371 1462 1441 1523 item
1459 1458 1577 1521 colonia
1598 1458 1726 1521 eiusdem

393 1566 519 1629 deducta
540 1564 654 1628 coborte
672 1568 828 1651 praetoria
856 1562 997 1649 Gunugu.

500 1676 530 1752 5,
549 1674 592 1740 20
618 1668 765 1734 Caesarea
786 1682 873 1734 antea
893 1672 1050 1733 uocitatum
1071 1671 1127 1743 Iol,
1144 1670 1238 1734 Iubae
1259 1671 1342 1755 reaia
1366 1692 1384 1731 a
1408 1671 1477 1733 divo
1503 1668 1631 1735 Claudia
1653 1670 1727 1733 cobr-

393 1779 460 1839 niae
482 1778 547 1840 iure
576 1778 700 1852 donata,
735 1780 864 1841 eiusdem
898 1780 980 1840 iussu
1013 1780 1145 1841 deductae
1178 1779 1320 1841 veteranis
1354 1779 1502 1863 oppidum
1535 1776 1666 1852 Nouum,
1701 1787 1727 1840 et

395 1882 487 1947 Latio
502 1886 576 1947 dato
598 1884 720 1969 Tipasa,
743 1886 869 1970 itemque
884 1907 904 1946 a
924 1882 1110 1969 Vespasiano
1123 1885 1303 1969 imperatore
1320 1886 1420 1947 mdem
1441 1906 1562 1948 munere
1583 1886 1727 1947 manaem

392 1989 570 2077 Ieoaurn²)‚
606 1991 720 2053 cobraia
755 1991 887 2075 Augusti
920 1990 1111 2074 Rusguniae,
1154 1990 1361 2053 Rucucurium
1396 1992 1513 2055 civitate
1549 1989 1728 2054 honoratum

394 2120 413 2158 a
451 2094 585 2169 cuneo,
632 2096 771 2159 Rusazus
820 2097 932 2159 camara
969 2098 1112 2181 Augusti,
1160 2094 1273 2160 Saldae
1317 2097 1430 2160 colonia
1467 2098 1607 2168 mnam,
1659 2098 1727 2159 item

393 2204 516 2288 Ipibpili.

501 2313 532 2390 5,
549 2313 590 2379 21
616 2311 695 2373 intus
718 2309 830 2373 colonia
853 2310 1083 2395 Augustianos
1104 2312 1175 2375 item
1196 2308 1378 2394 Succhabar,
1400 2311 1469 2373 item
1498 2310 1681 2397 Tubsuupae.

501 2438 639 2500 quorum
666 2416 809 2482 locorum
837 2416 1018 2499 loquacitas
1041 2417 1113 2482 vide
1139 2424 1297 2500 qnantum
1328 2416 1472 2482 distata
1494 2416 1632 2500 simplici
1655 2438 1728 2501 gra·

395 2525 495 2589 vitate
510 2523 740 2589 laterculorum
754 2524 890 2607 Augusti
903 2524 1136 2607 Agrippaeqne
1146 2523 1183 2605 Β).
1201 2524 1299 2589 aliam
1308 2524 1409 2607 igitur
1420 2522 1469 2587 illi
1481 2544 1559 2608 prae
1571 2544 1606 2589 se
1617 2522 1728 2589 ferunt

394 2631 561 2715 originem,
590 2631 673 2696 sicut
706 2634 778 2696 tota
801 2629 1079 2695 Mauretaniarum
1108 2630 1283 2715 descriptio
1317 2630 1528 2695 recentiorem
1563 2638 1727 2695 auctorem

395 2738 490 2822 sapit.
537 2743 624 2803 certe
647 2759 712 2804 non
735 2746 812 2804 ante
833 2736 1007 2803 Claudium
1031 2745 1110 2803 nata
1132 2744 1192 2804 est.
1237 2739 1384 2822 agnoscit
1406 2738 1490 2803 enim
1507 2737 1728 2804 Mauretanias

393 2845 573 2929 provincias
596 2848 626 2925 5,
644 2848 675 2914 2.
696 2847 746 2925 19,
771 2844 906 2911 alterius
929 2843 980 2909 vel
1003 2843 1237 2925 longitudinem
1260 2843 1393 2927 praebet
1417 2847 1446 2923 5,
1466 2847 1517 2912 17.
1564 2842 1604 2910 cf.
1628 2846 1728 2910 etiam

394 2954 482 3030 5,11
508 2951 650 3016 Romana
682 2973 770 3016 arma
795 2952 932 3038 pansum
966 2947 1092 3015 Cluentio
1119 2951 1260 3036 princepe
1289 2952 1322 3014 in
1352 2949 1546 3014 Mauretania
1576 2950 1727 3027 bellavere,

393 3059 599 3122 Ptolemaeum
621 3080 721 3142 regem
742 3058 893 3122 aeaeae
915 3056 1017 3121 liberto
1037 3057 1216 3122 Aedemone.
1264 3057 1447 3122 Romanum
1465 3065 1575 3124 autem
1597 3059 1728 3125 subesse

395 3171 567 3241 auctorem,
592 3164 620 3228 si
643 3165 773 3229 omnino
796 3161 912 3248 operae
939 3164 1079 3247 pretinm
1104 3171 1155 3228 est
1177 3163 1408 3242 demonstrare,
1436 3170 1574 3248 apparet
1595 3186 1636 3230 ex
1658 3170 1727 3241 5,ss

394 3267 521 3354 (Atlas)
544 3291 605 3354 qua
627 3280 736 3355 spectat
762 3269 899 3355 Africam
923 3271 1051 3353 (nempe
1075 3270 1270 3352 provinciam
1292 3269 1498 3354 Romanam).

501 3375 676 3441 bisantem
692 3374 819 3441 Plinius
835 3396 925 3441 oram
941 3376 1133 3441 exteriorem
1148 3374 1373 3441 Mauretaniae
1389 3375 1578 3461 descripsitr
1594 3382 1625 3456 b,
1640 3382 1728 3448 2-8

394 3485 428 3546 et
450 3483 481 3560 5,
499 3482 573 3563 esq.
620 3501 658 3544 ac
685 3480 774 3563 prior
801 3479 975 3563 descriptio
1009 3480 1144 3546 eandem
1177 3480 1317 3546 indolem
1352 3503 1431 3565 prae
1465 3504 1499 3548 se
1533 3482 1597 3548 fert
1630 3507 1728 3569 qnam

393 3587 556 3652 interioris
584 3607 714 3670 qnoque
744 3607 821 3652 orae
851 3590 1027 3662 aaut
1073 3608 1146 3652 eum
1181 3608 1220 3652 ea
1252 3588 1359 3653 tennis
1393 3589 1553 3672 quaedam
1587 3590 1728 3658 affinitas

395 3692 500 3758 Melae
522 3698 580 3772 est,
605 3692 662 3757 sed
678 3692 726 3756 ita
748 3698 785 3756 ut
806 3691 1001 3775 paucissima
1023 3691 1079 3757 ille
1095 3713 1112 3757 e
1127 3691 1220 3775 larga
1241 3694 1379 3758 materia
1393 3693 1553 3760 delibasse
1568 3697 1725 3780 videatur,

394 3802 504 3862 tamen
526 3797 671 3863 coloniae
694 3796 781 3879 apud
805 3818 878 3861 eum
906 3817 970 3861 non
993 3803 1293 3862 commemorentur.
1341 3800 1393 3864 cui
1422 3801 1470 3865 rei
1500 3803 1629 3884 egregie
1655 3824 1728 3869 con·

395 3904 493 3984 venit,
518 3902 604 3988 quod
628 3903 740 3987 Nepos
763 3901 805 3967 ab
828 3903 884 3968 illo
907 3908 1040 3968 auctore
1064 3903 1115 3968 bis
1138 3903 1317 3970 indicatur:
1342 3910 1412 3986 5,4
1434 3907 1505 3990 ipso
1520 3909 1647 3974 nomine
1670 3931 1729 3976 nec

394 4010 500 4075 minus
523 4010 691 4094 perspicue
715 4014 744 4088 5,
764 4013 794 4079 8.

501 4123 537 4180 at
552 4114 646 4197 longe
670 4115 797 4180 diversa
813 4119 862 4180 est
882 4113 996 4197 altera,
1022 4136 1106 4198 quae
1121 4115 1239 4202 Polybi
1254 4119 1448 4185 auctoritate
1463 4120 1613 4206 refertur,
1638 4123 1727 4190 nullo

394 4219 520 4285 vinculo
558 4221 740 4302 coniuncta,
779 4219 836 4286 sed
874 4221 965 4286 iuxta
1004 4243 1043 4288 ea
1080 4243 1164 4305 qnae
1197 4223 1394 4291 antecedunt
1430 4226 1598 4296 collocata.
1643 4230 1728 4297 hanc

396 4325 527 4407 exploso
553 4325 718 4410 Agrippae
751 4326 931 4410 fragmento
966 4329 1052 4412 qnod
1088 4328 1169 4394 falso
1203 4329 1273 4397 loeo
1307 4333 1497 4418 adspersum
1530 4342 1588 4417 est,
1624 4337 1727 4404 latino

504 4571 524 4639 ¹)
543 4568 579 4626 ei.
599 4568 673 4624 liele
691 4571 790 4640 3,107.

504 4658 526 4728 ²)
544 4657 601 4712 alia
619 4659 645 4724 3,
657 4659 693 4713 20
711 4659 866 4715 traduntur.
902 4660 952 4716 sed
964 4660 1086 4716 Icosium
1105 4665 1203 4733 procul
1221 4665 1304 4721 dnbio
1323 4684 1378 4720 nna
1395 4685 1459 4723 anm
1470 4671 1728 4741 Hispanialatium

395 4746 503 4816 accepit
530 4746 565 4801 cf.
595 4748 620 4814 3,
633 4747 676 4803 30.
713 4747 788 4802 unde
813 4764 869 4802 non
896 4752 1051 4805 necessario
1078 4751 1269 4808 Mauretaniae
1296 4754 1518 4826 descriptionem.
1545 4777 1599 4829 qna
1620 4762 1728 4818 Plinius

395 4836 489 4902 utitur,
509 4835 559 4888 sub
578 4834 750 4904 Vespasiano
769 4835 900 4905 scriptam
919 4853 978 4892 esse
997 4840 1127 4908 seqnitur.

505 4924 527 4994 ⁸)
546 4923 682 4978 adnotare
698 4939 756 4977 non
774 4940 1007 4993 supervacaneum
1026 4932 1069 4981 est
1087 4928 1117 4983 in
1129 4927 1287 4985 Pannoniae
1305 4948 1413 5001 qnoque
1432 4934 1627 5008 descriptione,
1645 4958 1728 5009 qnam

395 5009 506 5112 aliundo
523 5011 559 5065 ad
577 5007 736 5083 periegesin
761 5012 884 5067 additam
909 5030 969 5071 osse
987 5015 1245 5082 demonstravimus,
1269 5025 1396 5075 auctores
1415 5023 1586 5080 coloniarum
1608 5044 1727 5085 commo·

394 5116 504 5155 morari.

1671 5498 1792 5525 2..-

1385 5587 1392 5600 ’
1442 5574 1560 5702 1
