4275 6025
1002 688 1045 752 29

354 900 490 985 legerat,
514 899 704 985 simpliciter
718 922 779 963 uos
795 900 866 967 sim.
882 904 1033 980 verteret,
1057 900 1345 967 demonstrandum
1359 901 1433 968 1011.
1464 922 1504 967 ac
1526 902 1599 967 vide
1613 896 1694 983 quid

354 1009 530 1087 lucremur,
569 1009 597 1074 si
630 1007 774 1072 Plinium
809 1007 856 1073 ibi
890 1028 1017 1073 errasse
1048 1013 1247 1074 statuamus:
1285 1005 1385 1092 quid?
1419 1007 1553 1075 Timaeo
1587 1025 1694 1073 nonne

356 1112 483 1182 Graeco
505 1114 634 1181 Plinius
657 1115 777 1181 diserte
804 1135 879 1181 suos
903 1112 1057 1200 opponit?
1102 1135 1163 1180 nec
1190 1116 1299 1199 potuit
1321 1113 1468 1182 Graecus
1501 1124 1614 1183 auctor
1638 1114 1694 1180 ‘li-

358 1240 452 1285 maco
475 1219 551 1297 τοὺς
573 1212 744 1306 ἡμετέρους
766 1240 939 1305 opponere.

463 1346 547 1409 quae
568 1328 597 1392 si
618 1333 706 1394 recte
729 1328 973 1411 disputavimus,
997 1328 1175 1394 necessario
1198 1329 1347 1412 sequitur
1368 1350 1432 1395 non
1456 1327 1609 1408 Graecos,
1634 1326 1692 1394 sed

357 1429 524 1497 Romanos
552 1430 680 1499 Gadem
710 1431 841 1499 Tartesi
875 1434 1004 1499 nomine
1036 1432 1245 1517 significasse.
1300 1433 1386 1500 unde
1417 1436 1458 1501 de
1488 1436 1599 1519 lingua
1629 1454 1696 1519 qua

357 1536 415 1603 ille
438 1535 568 1603 libellus
587 1539 783 1623 compositus
804 1544 884 1621 erat,
908 1546 995 1604 certe
1016 1539 1064 1604 nil
1078 1538 1229 1605 efficitur.
1266 1545 1374 1605 tamen
1390 1540 1490 1606 latine
1505 1561 1578 1606 eum
1593 1540 1694 1607 luisse

358 1642 576 1727 conscriptum
599 1643 806 1709 verisimilius
829 1649 889 1710 est.
935 1645 988 1710 cui
1010 1645 1153 1729 opinioni
1175 1644 1263 1711 favet
1284 1650 1316 1724 4,
1330 1648 1373 1716 62
1398 1667 1494 1729 quem
1509 1646 1615 1711 locum
1630 1667 1696 1711 non

358 1749 462 1816 ausim
484 1748 527 1815 ab
550 1770 587 1815 eo
611 1749 777 1815 divellere:
805 1746 876 1814 Ceos
893 1800 928 1818 ..
953 1772 1045 1834 quam
1068 1753 1164 1814 nostri
1184 1754 1310 1838 quidem
1335 1754 1437 1817 doecre
1459 1750 1559 1825 Ceam,
1586 1750 1698 1816 Graeci

358 1865 386 1918 et
407 1852 599 1939 Hydmrsum,
628 1854 686 1921 ubi
708 1855 820 1921 eodem
843 1855 938 1921 modo
962 1877 1026 1940 quo
1049 1862 1161 1937 4120
1182 1862 1301 1923 uestri
1323 1857 1459 1926 Graecis
1482 1866 1696 1944 opponuntur.

358 1961 472 2045 itaque
505 1960 652 2027 libellum
685 1983 707 2026 a
735 1960 885 2027 Romano
919 1961 1061 2045 quodam
1095 1966 1308 2049 compositum
1340 1986 1411 2031 esse
1444 1965 1562 2046 iudico,
1599 1986 1696 2049 quem

359 2064 523 2134 Graecam
545 2068 736 2151 compilasse
759 2066 939 2134 doctrinam
961 2089 1026 2135 non
1050 2076 1101 2135 est
1122 2072 1251 2138 mirum.
1297 2072 1387 2138 aliud
1410 2094 1539 2158 quoque
1562 2072 1603 2138 de
1636 2074 1698 2138 hoc

360 2171 471 2238 libello
495 2172 730 2239 observandum
751 2178 810 2239 est.
849 2174 1071 2241 additamenta
1093 2196 1133 2241 ex
1155 2196 1192 2244 co
1212 2176 1291 2242 addi
1309 2179 1375 2243 iam
1395 2200 1493 2263 supra
1508 2180 1699 2246 monuimus.

362 2298 401 2342 ac
423 2278 601 2343 rectissime
623 2276 711 2343 idem
734 2275 973 2345 Oehmichenus
1001 2291 1135 2366 propter
1165 2304 1259 2349 usum
1286 2286 1483 2368 pronominis
1512 2288 1579 2370 ipsc
1609 2289 1641 2369 3,
1654 2290 1697 2355 85

361 2383 528 2449 contendit
535 2383 572 2470 1).
618 2389 654 2451 at
674 2384 835 2469 paulatim
856 2384 1049 2453 familiarius
1072 2409 1150 2454 usus
1172 2395 1223 2455 est
1244 2390 1372 2456 Plinius
1393 2391 1451 2457 illo
1474 2391 1567 2471 libro,
1592 2392 1640 2456 ita
1661 2396 1700 2456 ut

362 2488 558 2574 procedente
581 2510 678 2577 opere
701 2512 775 2558 cum
797 2494 868 2578 ipso
890 2501 1042 2561 contextu
1070 2495 1185 2562 melius
1208 2496 1261 2562 hic
1290 2498 1359 2563 illic
1388 2498 1584 2564 cohaereant
1615 2516 1700 2581 quae

361 2595 438 2661 iude
457 2600 605 2683 sumpsit.
650 2599 748 2684 quid?
771 2600 858 2685 quod
875 2600 948 2666 Gasi
972 2607 1005 2667 et
1020 2600 1134 2687 Nisyri
1148 2606 1385 2685 μετονομασίας
1400 2626 1472 2671 cum
1487 2605 1567 2689 ipsis
1583 2604 1699 2669 insulis

362 2702 413 2771 bis
436 2707 720 2774 commemoravit?
757 2729 832 2773 nam
856 2713 888 2786 4,
901 2710 945 2777 70
968 2706 1058 2773 Oscos
1073 2731 1150 2794 quae
1165 2710 1292 2775 Astrabe
1311 2712 1439 2795 legitur,
1464 2716 1573 2790 5135
1589 2705 1700 2775 antem

363 2807 456 2875 Casos
489 2811 592 2875 Aelana
629 2811 710 2879 olins.
744 2812 883 2879 alterum
913 2834 989 2879 vero
1022 2822 1212 2899 corruptum
1248 2836 1317 2881 esse
1351 2824 1602 2883 consentaneum
1639 2822 1698 2884 cst.

362 2917 441 2982 item
465 2920 574 3001 5,133
601 2918 750 3005 Nisyros.
768 2969 786 2998 .,
799 2921 966 3006 ΡωῬΙιφνιὲς
989 2932 1077 2985 antea
1100 2923 1181 2985 dictu
1203 2924 1364 3007 repetitur
1382 2923 1570 3009 paulopost
1592 2928 1701 3003 5134

364 3023 498 3111 Nisyron
514 3072 548 3093 ..
572 3049 648 3112 quae
674 3028 847 3115 Porphyris
876 3040 965 3092 00100
997 3031 1076 3093 dictu
1106 3041 1155 3095 est.
1207 3051 1291 3114 quae
1321 3032 1481 3116 quomodo
1511 3031 1702 3116 explicanda

363 3132 429 3198 sint
451 3135 627 3218 quaeritur.
665 3140 764 3220 atque
787 3157 847 3220 ego
862 3135 989 3219 pridem
1004 3136 1159 3219 Plinium,
1184 3159 1225 3204 ne
1244 3137 1323 3222 quid
1339 3139 1373 3203 in
1390 3137 1516 3220 Aegaei
1540 3143 1638 3204 maris
1652 3139 1700 3202 in·

365 3238 444 3304 sulis
466 3239 627 3306 oblivione
649 3243 780 3327 periret,
812 3243 846 3307 in
873 3243 1049 3326 exemplari
1081 3242 1169 3326 quod
1195 3244 1386 3328 primarium
1418 3244 1627 3328 sequebatur,
1660 3265 1702 3309 ex

364 3345 455 3410 tenui
477 3345 533 3411 illo
556 3341 667 3412 libello
694 3345 824 3414 notulas
847 3347 1045 3431 adspersisse
1067 3349 1278 3415 conieceram.
1324 3371 1406 3434 quas
1439 3348 1488 3414 bis
1517 3350 1600 3415 binis
1623 3350 1702 3414 locis

366 3450 400 3516 in
422 3457 608 3518 contextum
630 3461 786 3538 receptas.
825 3475 910 3538 quae
933 3455 1104 3538 explicatio
1126 3475 1212 3521 nunc
1233 3457 1296 3540 ipsi
1310 3457 1389 3522 mihi
1405 3479 1518 3542 parum
1535 3456 1702 3541 probatur.

366 3555 424 3622 sed
453 3558 518 3624 alia
548 3559 581 3624 in
603 3566 758 3645 promptu
788 3567 848 3627 est.
895 3559 1001 3628 Gason
1032 3563 1118 3627 euim
1149 3561 1199 3628 bis
1228 3565 1411 3629 enumerari
1443 3585 1483 3629 ex
1513 3562 1702 3629 diversitate

366 3661 507 3730 fontium
539 3665 767 3749 explicandum
799 3666 938 3749 videtur,
976 3668 1024 3732 ita
1054 3673 1092 3733 ut
1123 3673 1154 3745 4,
1167 3671 1211 3737 70
1242 3670 1423 3754 periegesin
1462 3680 1593 3735 secutus
1631 3689 1702 3734 eam

366 3773 674 3856 commemoraverit,
699 3776 808 3850 5133
829 3775 929 3840 alium
945 3781 1120 3855 auctorem,
1144 3783 1226 3860 puta
1241 3775 1414 3845 Isidorum.
1453 3776 1510 3842 sed
1525 3777 1566 3841 de
1581 3775 1702 3860 Nisyro

367 3876 448 3944 haec
476 3878 648 3963 explicatio
677 3900 742 3946 non
771 3881 868 3947 valet.
914 3881 1014 3966 igitur
1043 3903 1116 3948 cum
1149 3881 1199 3948 bis
1233 3884 1301 3949 eius
1335 3904 1450 3949 nomen
1481 3883 1619 3966 legatur,
1652 3883 1703 3948 bis

367 3981 494 4050 Plinius
520 3985 667 4053 notulam
694 3986 905 4071 adscripsisse
935 3988 1100 4072 putandus
1132 3995 1191 4056 est.
1236 3990 1389 4055 nimirum
1420 4009 1517 4072 opere
1547 3990 1613 4054 iam
1644 3987 1703 4054 ab·

368 4088 475 4156 soluto
496 4091 530 4156 in
553 4091 645 4157 illum
669 4091 710 4158 de
731 4093 845 4159 insulis
859 4092 1007 4160 libellum
1023 4094 1151 4162 Plinius
1166 4096 1282 4162 incidit
1297 4117 1338 4161 ex
1352 4117 1456 4181 eoque
1470 4100 1704 4178 μετονομασίας

367 4194 540 4282 addidit').
595 4196 684 4281 quod
717 4218 792 4264 vero
826 4199 947 4266 eisdem
977 4201 1084 4266 verbis
1113 4201 1224 4267 latinis
1254 4206 1354 4287 (anae
1382 4204 1475 4285 11010)
1506 4204 1619 4282 utitur,
1655 4204 1702 4269 la-

368 4301 472 4366 tinum
495 4301 616 4368 fontem
638 4303 771 4370 indicat.

475 4409 539 4474 iam
569 4430 645 4476 vero
673 4411 701 4475 si
723 4416 812 4476 recte
833 4415 866 4493 4,
879 4413 922 4480 70
949 4412 1110 4498 ampliora
1140 4433 1238 4497 quam
1261 4413 1505 4490 Kentenichius,
1537 4416 1580 4481 ad
1610 4415 1704 4482 illum

369 4511 517 4579 libellum
538 4514 733 4598 rettulimus,
758 4515 872 4582 eodem
886 4516 956 4583 loco
972 4517 1014 4583 ad
1030 4525 1158 4603 tempus
1171 4518 1271 4602 paulo
1286 4522 1469 4586 accuratius
1486 4520 1704 4586 definiendum

368 4619 418 4684 uti
440 4640 626 4704 possumus:
656 4619 763 4688 Hiera
792 4622 877 4688 enim
907 4629 1004 4690 enata
1034 4629 1084 4690 est
1113 4644 1197 4690 anno
1225 4645 1256 4694 a.
1280 4622 1361 4692 ohr.
1383 4648 1415 4695 n.
1440 4625 1527 4710 66³).
1573 4636 1648 4711 post
1668 4625 1704 4692 id

480 4796 500 4865 1)
520 4794 555 4850 a.
575 4793 651 4852 aaa.
670 4795 748 4857 aaa.
767 4799 838 4856 reso
855 4816 882 4868 p.
902 4802 946 4855 11.

479 4884 501 4953 ¹)
520 4881 635 4952 Nisyros
653 4883 743 4940 insula
760 4884 835 4940 haud
854 4885 911 4941 scio
934 4903 970 4941 un
994 4885 1180 4958 distinguatur
1206 4887 1310 4944 additis
1337 4889 1440 4945 iterum
1466 4889 1523 4944 illis
1550 4889 1642 4944 verbis
1669 4888 1705 4944 ab

370 4969 475 5041 oppido
494 4969 596 5040 Nisyro
613 4972 698 5041 paulo
717 4975 781 5028 ante
799 4978 1023 5031 commemorato.

480 5058 501 5132 ⁸)
518 5058 592 5116 Plin.
610 5064 667 5119 nat.
686 5063 711 5134 2,
721 5063 783 5120 202.
