4275 6025
1091 737 1155 802 196

458 948 675 1018 differentiam
686 947 813 1012 notavit
822 944 1069 1012 Weissbachius
1084 944 1368 1032 Pauly-Wissowa
1382 943 1440 1012 ΙΙΙ
1460 948 1554 1025 1426,
1571 945 1627 1029 661
1643 942 1795 1028 probabi·

457 1055 534 1122 liter
548 1051 732 1122 Oambalidi
746 1052 865 1116 montis
880 1072 995 1117 nomen
1010 1073 1084 1118 cum
1095 1051 1261 1119 Cambade
1272 1053 1372 1117 Tauri
1387 1057 1481 1137 parte
1496 1050 1678 1135 composuit
1693 1051 1726 1126 5,
1741 1049 1795 1118 98.

459 1160 599 1244 denique
621 1157 792 1239 diligenter
815 1157 975 1223 Armenia
996 1157 1120 1223 maior
1143 1155 1356 1240 significatur,
1386 1157 1420 1221 id
1442 1157 1529 1240 qnod
1552 1156 1699 1222 Muciani
1722 1177 1797 1238 pro-

458 1268 566 1354 prium
580 1271 638 1344 est,
663 1263 704 1329 cf.
721 1267 753 1346 5,
766 1266 819 1332 83.
844 1266 875 1346 6,
890 1265 921 1332 9.
946 1267 998 1333 12.
1022 1266 1074 1332 24.
1099 1268 1142 1331 41
1159 1283 1296 1328 necnon
1314 1266 1344 1342 2,
1362 1263 1473 1348 2261).
1513 1264 1595 1329 haec
1609 1263 1713 1346 igitur
1728 1261 1798 1326 nni-

460 1393 552 1439 versa
561 1369 715 1436 Muciano
730 1374 817 1435 certe
831 1368 950 1434 favent.
976 1373 1086 1433 tamen
1102 1368 1172 1433 eius
1187 1367 1367 1433 doctrinam
1381 1389 1446 1434 non
1461 1369 1619 1451 integram
1635 1367 1799 1452 praestari

371 1471 374 1476 ’
460 1499 559 1563 supra
581 1476 801 1542 indicavimus.
839 1473 926 1559 quod
949 1494 1059 1539 verum
1082 1495 1152 1538 esse
1172 1474 1299 1556 egregie
1322 1493 1360 1539 66
1383 1473 1593 1547 confirmatur
1615 1472 1799 1559 quodcum

460 1584 630 1650 Mucianea
653 1581 796 1666 Tigridis
825 1582 1028 1647 enarratione
1055 1601 1141 1664 quae
1163 1600 1184 1644 a
1206 1579 1295 1645 fonte
1324 1579 1367 1645 ad
1397 1581 1515 1646 ostium
1542 1579 1703 1665 procedit,
1735 1580 1800 1645 alia

463 1687 603 1756 conflata
634 1693 691 1768 est,
726 1708 811 1770 quae
840 1707 957 1768 agmen
986 1686 1182 1751 contrarium
1212 1686 1368 1769 sequitur.
1414 1707 1519 1770 neque
1550 1688 1638 1753 enim
1669 1688 1699 1751 si
1727 1707 1801 1751 cnm

460 1797 592 1864 flumine
615 1795 849 1880 progredimur,
874 1794 975 1860 citra
999 1791 1180 1858 Seleuciam
1204 1792 1418 1877 Babyloniam
1441 1793 1575 1879 (6129)
1597 1785 1740 1862 1ἶῖΧῖ
1769 1814 1800 1876 p.

462 1905 496 1990 (i.
525 1906 612 1972 1000
646 1902 743 1984 stad.)
774 1900 930 1967 dividitur
951 1900 1069 1986 Tigris,
1095 1900 1151 1966 sed
1175 1899 1289 1964 ultra.
1342 1899 1417 1964 binc
1447 1898 1571 1965 factum
1602 1907 1662 1981 661,
1698 1905 1738 1964 61
1768 1901 1802 1963 16

461 2008 615 2075 Pliniana
638 2007 856 2092 descriptione
879 2008 988 2073 omnia
1009 2006 1286 2092 perturbarentur.
1324 2005 1458 2072 alterius
1480 2026 1595 2090 nempe
1618 2005 1746 2072 ordinis
1768 2005 1802 2069 in

463 2116 560 2183 terris
576 2115 800 2180 enumerandis
816 2118 846 2195 0,
867 2119 926 2184 131
944 2116 1029 2181 ratio
1044 2113 1201 2179 habetur:
1216 2115 1361 2199 promma
1382 2113 1468 2196 Tipm‘
1481 2115 1563 2198 rapio
1576 2113 1803 2198 Parapotamia

464 2222 641 2310 appellatur.
680 2222 713 2285 im
736 2244 770 2285 aa
793 2223 905 2284 dietam
927 2232 969 2285 cat
990 2223 1026 2284 da
1042 2219 1207 2295 Mamm).
1236 2219 1439 2285 ascendimus
1458 2219 1575 2286 deinde
1589 2218 1633 2284 ad
1648 2216 1802 2285 Chaloni-

464 2328 574 2408 tidem,
600 2329 691 2394 onius
707 2325 894 2412 Ctesiphon,
919 2334 995 2393 tunc
1015 2328 1056 2393 ad
1074 2325 1269 2406 Sittacenen,
1294 2348 1391 2410 quam
1414 2328 1512 2393 etiam
1528 2324 1747 2392 Arbelitidem
1770 2329 1804 2389 61

464 2435 673 2502 Palaestinen
701 2435 764 2501 dici
794 2435 945 2501 traditur.
992 2435 1072 2500 haec
1098 2440 1246 2519 pugnant
1276 2455 1349 2499 cum
1379 2433 1565 2501 Mucianeis.
1609 2453 1687 2498 nam
1711 2435 1743 2515 6,
1759 2435 1802 2500 41

467 2541 626 2607 Arbelitis
642 2547 782 2627 estpars
797 2540 995 2608 Adiabenae.
1018 2541 1130 2625 itaque
1145 2542 1231 2624 apud
1247 2540 1435 2606 Mucianum
1450 2538 1613 2606 Sittacene
1628 2538 1804 2605 artioribus

464 2645 582 2712 finibus
605 2647 848 2731 circumscripta
871 2652 951 2714 erat.

575 2774 656 2836 quos
671 2774 748 2818 vero
763 2760 969 2819 auctores-
980 2773 1056 2818 nam
1069 2752 1174 2818 varios
1190 2773 1260 2817 esse
1279 2751 1442 2817 adhibitos
1452 2752 1504 2818 vel
1519 2774 1560 2817 ex
1571 2753 1602 2828 6,
1614 2753 1678 2820 136
1703 2750 1805 2834 suspi-

467 2860 533 2926 cari
557 2859 642 2940 11661,
668 2860 723 2925 661
746 2861 872 2947 quidam
894 2860 1073 2926 laudantur
1094 2898 1130 2906 -
1151 2859 1418 2924 contaminaverit
1432 2857 1568 2936 Plinius,
1583 2863 1690 2923 restat
1705 2875 1805 2940 quae-

466 2965 613 3031 rendum.
637 2985 675 3031 ac
689 2965 729 3031 da
740 2964 892 3032 Muciano
909 2963 1003 3031 facile
1019 2965 1195 3033 conveniet.
1220 2964 1305 3030 alter
1319 2965 1376 3049 661
1391 2966 1434 3031 611
1449 2965 1633 3030 coniectura
1648 2962 1805 3047 indagare

467 3093 647 3155 possumus.
695 3069 859 3137 Isidorum
886 3071 972 3136 enim
1000 3071 1032 3135 in
1057 3069 1293 3154 Mesopotamia
1321 3069 1505 3135 adhibitum
1535 3091 1603 3135 esse
1627 3091 1666 3136 ex
1691 3071 1805 3149 6140

468 3198 567 3261 supra
593 3199 625 3261 p.
642 3178 685 3245 42
708 3176 908 3257 collegimus,
931 3196 995 3259 quo
1022 3176 1093 3241 loco
1109 3174 1193 3240 1666
1208 3174 1249 3240 66
1265 3176 1374 3259 611666
1390 3176 1546 3259 scriptore
1569 3175 1724 3259 carpitur,
1749 3173 1805 3258 qui

469 3279 610 3348 (lharaoi
637 3280 718 3345 mire
745 3279 839 3345 favet
886 3280 959 3345 lere
986 3279 1150 3364 quoddam
1180 3280 1285 3345 adicio
1315 3282 1349 3345 16
1381 3302 1446 3364 666
1475 3302 1540 3347 666
1566 3281 1704 3347 661166
1738 3299 1806 3346 6666

460 3388 621 3454 momenti
641 3387 710 3471 1666
733 3387 810 3467 6616,
833 3385 891 3452 sed
914 3392 1022 3452 tamen
1045 3408 1111 3451 non
1133 3389 1263 3452 omnino
1286 3388 1510 3471 spernendum.
1550 3387 1699 3455 Seleucia
1723 3388 1806 3453 enim

469 3492 688 3577 compluribus
703 3492 809 3576 operis
826 3492 969 3559 Pliniani
984 3492 1062 3558 locis
1078 3503 1347 3558 commemoratur
1359 3494 1492 3559 diversis
1507 3493 1804 3577 significationibus.

469 3621 543 3665 nam
571 3604 610 3665 ut
638 3602 670 3680 6,
688 3602 753 3668 212
789 3598 903 3684 Nigidi
935 3596 1101 3663 Samariam
1130 3603 1367 3685 cognominatam
1396 3600 1599 3685 Babylonium
1628 3603 1805 3676 mittamus,

470 3727 667 3791 quamquam
689 3705 751 3772 hoc
773 3706 960 3790 cognomine
982 3705 1095 3772 urbem
1120 3706 1197 3772 ferri
1220 3708 1350 3772 solitam
1372 3729 1441 3774 6666
1471 3708 1546 3773 inde
1568 3702 1805 3793 6666161161),

471 3815 501 3892 6,
519 3814 561 3880 43
582 3809 716 3876 Seleucia
738 3833 854 3897 magma
877 3821 926 3889 est,
950 3814 981 3891 5,
998 3813 1041 3881 SS
1064 3809 1199 3876 Seleucia
1222 3812 1420 3880 Parthorum.
1465 3836 1549 3899 6666
1571 3814 1725 3880 Μ661666
1747 3811 1806 3877 tri-

471 3917 610 3987 buimus.
642 3923 678 3983 at
693 3914 812 3984 Isidori
827 3916 916 3983 hand
930 3918 996 3984 scio
1011 3940 1052 3983 an
1068 3921 1237 4004 proprium
1254 3923 1297 3985 sit
1311 3940 1487 4005 cognomen
1502 3921 1583 3988 illud
1596 3920 1805 4006 Babyloniae.

471 4046 548 4091 666
571 4026 683 4103 6129
707 4023 809 4106 verba
828 4045 848 4089 a
870 4023 1041 4090 Mucianea
1067 4024 1281 4110 descriptione
1309 4027 1518 4095 abhorrentia
1544 4031 1619 4092 citra
1642 4026 1807 4093 Seleuciam

472 4130 675 4216 Babyloniam
690 4130 794 4196 eidem
809 4130 993 4197 adscribere
1008 4131 1094 4198 licet.
1121 4132 1155 4198 cf
1179 4142 1209 4214 11,
1233 4146 1239 4199 1
1259 4138 1300 4203 13.
1321 4138 1393 4203 122.
1416 4136 1515 4202 66661
1539 4139 1571 4217 6,
1589 4139 1652 4204 124
1668 4134 1754 4201 6616
1769 4152 1807 4195 ex

474 4238 585 4305 eodem
597 4243 634 4303 ut
648 4238 786 4317 videtur,
802 4237 860 4303 sed
873 4237 930 4303 ubi
941 4239 1042 4305 errari
1054 4261 1120 4305 uon
1133 4244 1248 4324 potuit
1265 4240 1432 4327 Babylone
1443 4250 1539 4311 antea
1549 4244 1805 4310 commemorata.

580 4344 620 4409 de
645 4345 812 4430 Agrippae
836 4345 1031 4451 1661166616,
1060 4346 1149 4430 qnod
1173 4347 1215 4411 ab
1243 4349 1315 4432 ipsa
1341 4349 1557 4434 descriptione
1580 4348 1806 4413 alienissimum

475 4470 545 4517 ease
566 4449 804 4518 Oehmichenns
825 4451 995 4518 adnotavit
1003 4451 1037 4535 ⁴),
1063 4460 1098 4518 et
1119 4452 1160 4518 dc
1182 4453 1241 4519 lite.
1264 4476 1347 4539 qnae
1363 4455 1404 4521 de
1418 4456 1565 4524 Charace
1582 4454 1700 4539 oppido
1723 4453 1808 4517 mota

475 4562 532 4635 est,
566 4558 632 4624 iam
666 4580 764 4643 supra
788 4559 974 4645 (11616661),
1007 4559 1064 4624 661
1095 4559 1212 4625 Ι6666
1249 4562 1291 4626 66
1319 4561 1447 4628 Isidoro
1482 4562 1599 4645 corrigi
1629 4560 1805 4625 statuimus.

586 4749 607 4819 ¹)
626 4750 873 4805 666166166οηὶ6
892 4751 1055 4821 simpliciter
1074 4751 1176 4806 dicitnr
1196 4752 1303 4808 Isidoro
1322 4755 1421 4825 6127.

585 4838 606 4907 ²)
626 4853 696 4906 qnae
715 4833 931 4894 commemorata
949 4844 991 4895 est
1009 4842 1109 4910 6129,
1128 4860 1201 4895 nunc
1219 4841 1391 4898 describitur.

587 4924 608 4995 ³)
626 4923 728 4981 Strabo
747 4926 800 4982 743
820 4925 972 4996 (Σελεύκεια
990 4924 1005 4993 ἦ
1024 4928 1068 4980 lat
1086 4930 1128 4992 τῷ
1151 4929 1243 5000 Τι’γρει
1262 4928 1410 5000 λεγομένη).

583 5012 607 5085 ⁴)
626 5011 708 5097 Plias.¹
721 5012 799 5071 scm.
819 5015 890 5071 1860
908 5032 935 5085 p.
955 5016 997 5071 21.

585 5102 607 5173 ⁶)
626 5102 661 5158 61.
681 5122 708 5174 6.
727 5106 770 5159 42.
