4275 6025
1030 743 1094 807 123

393 954 481 1022 unde
503 959 640 1040 apparet
668 954 796 1019 circiter
819 944 911 1019 (10Ιῖ
937 952 979 1019 ab
1006 952 1166 1036 Aquileia
1198 953 1241 1020 ad
1274 952 1406 1038 'Pityum
1440 973 1519 1021 esse.
1565 953 1732 1039 scripserit

391 1063 495 1147 igitur
517 1062 701 1129 Tuditanus
724 1060 837 1143 MM1).

502 1168 659 1238 Varronis
682 1168 916 1252 Agrippaeque
938 1167 1169 1251 descriptiones
1188 1166 1331 1234 aPlinio
1354 1189 1424 1235 esse
1447 1169 1634 1235 coniunctas
1656 1169 1731 1253 plus

394 1273 492 1340 semel
514 1273 662 1340 vidimus.
709 1274 852 1340 exoritur
874 1274 976 1358 igitur
995 1274 1142 1357 quaestio
1166 1295 1209 1339 an
1231 1274 1330 1340 etiam
1353 1274 1428 1340 aliis
1450 1274 1529 1341 locis
1553 1281 1612 1342 aut
1634 1276 1730 1342 itera·

392 1381 535 1447 tionibus
558 1387 616 1447 eut
639 1380 863 1466 discrepantiis
887 1380 968 1447 duos
990 1380 1122 1447 subesse
1144 1386 1293 1447 auctores
1316 1380 1490 1449 indicetur.

501 1508 540 1553 ao
564 1510 641 1555 sane
667 1488 749 1555 talia
776 1488 993 1554 inveniuntur.
1038 1508 1116 1553 nam
1140 1484 1262 1553 Oxubii
1290 1493 1323 1553 11
1346 1487 1498 1554 Deciates
1526 1490 1558 1568 3,
1574 1490 1616 1558 35
1644 1487 1730 1553 inter

394 1590 523 1659 Galliae
557 1591 780 1659 Narbonensis
814 1593 951 1678 populos
986 1598 1288 1670 commemorantur,
1323 1597 1438 1659 contra
1472 1597 1504 1671 3,
1520 1595 1564 1663 47
1597 1592 1656 1659 ubi
1690 1593 1730 1659 de

391 1705 489 1783 gente
502 1699 661 1783 Ligurum
676 1701 794 1785 agitur,
818 1703 1010 1783 repetuntur
1032 1699 1145 1765 iidem:
1169 1698 1323 1784 11911111
1345 1699 1526 1764 celeberrimi
1540 1700 1622 1763 altra
1637 1700 1730 1785 Alpes

393 1804 522 1895 Seuer)
538 1807 676 1871 Deciates
694 1804 803 1881 01111,
826 1808 860 1872 11
876 1804 1005 1873 Galliae
1020 1812 1130 1872 autem
1150 1806 1374 1891 descriptione,
1397 1806 1454 1873 ubi
1470 1827 1569 1890 quam
1591 1806 1730 1871 maxime

392 1916 609 1981 necessarium
630 1914 704 1997 fuit,
727 1936 792 1981 non
814 1914 979 1979 indicatur
1000 1911 1146 1980 Oxubios
1161 1912 1377 1998 Deciatesque
1400 1912 1539 1997 Ligures
1562 1933 1642 1996 esse,
1665 1933 1730 1977 non

389 2020 516 2089 Gallos.
560 2024 672 2106 itaque
693 2023 753 2088 hoc
775 2022 845 2087 loco
868 2021 1022 2087 historiae
1045 2027 1079 2086 11
1101 2020 1355 2106 ethnographiae
1370 2020 1461 2086 nulla
1483 2041 1561 2087 cura
1583 2025 1644 2099 est,
1668 2018 1729 2085 hoo

391 2126 461 2194 loco
484 2149 539 2193 eos
562 2150 601 2193 ex
625 2128 776 2214 Agrippa
799 2134 944 2212 sumptos
968 2128 1154 2211 conieceris,
1178 2131 1210 2212 3,
1225 2131 1270 2198 47
1293 2149 1332 2193 ex
1355 2127 1513 2198 Varrone.

499 2234 648 2301 similiter
681 2237 938 2315 3,14311145
972 2232 1141 2313 Partheni,
1166 2237 1196 2315 3,
1221 2237 1431 2303 14411145
1464 2232 1729 2316 promunturium

392 2338 620 2424 Nymphaeum
642 2340 725 2406 hinis
748 2340 827 2406 locis
851 2345 1017 2424 apparent.
1063 2359 1148 2422 quae
1170 2340 1321 2423 repetitio
1343 2338 1418 2404 inde
1437 2339 1620 2424 explicatur
1642 2337 1729 2422 quod

393 2443 559 2529 Illyricum
575 2446 617 2512 ab
632 2447 785 2531 Agrippa
800 2466 902 2531 usque
918 2446 960 2511 ad
974 2446 1235 2531 promunturium
1244 2444 1520 2510 Acroceraunium
1536 2442 1730 2527 producitur

389 2552 604 2639 (111150),
629 2554 736 2624 Varro
760 2554 935 2620 secuudum
957 2553 1080 2618 liberae
1102 2552 1300 2635 reipublicae
1322 2556 1444 2617 statum
1468 2572 1490 2616 a
1512 2550 1607 2616 Lisso
1621 2549 1729 2614 Mace·

389 2659 522 2726 doniam
551 2662 674 2746 incipit.
719 2667 819 2746 atque
849 2660 1018 2745 Illyricum
1052 2663 1165 2737 3,150
1196 2659 1334 2725 formam
1358 2660 1526 2743 Agrippae
1555 2654 1729 2741 probatam

391 2768 580 2834 invenimus.
627 2768 738 2851 itaque
767 2770 879 2852 3,139
904 2767 1042 2851 suspicio
1073 2767 1217 2833 nascitur
1243 2765 1339 2831 huius
1366 2765 1561 2832 auctoritate
1583 2761 1729 2828 Plinium

388 2875 557 2959 scripsisse
579 2875 693 2941 verba:
717 2898 794 2939 auae
817 2885 912 2939 totam.
931 2896 989 2937 cao
1011 2874 1128 2937 nomiae
1142 2873 1299 2957 Illyricum
1320 2883 1440 2935 amatur
1463 2869 1634 2956 generatim.
1671 2888 1729 2933 nec

390 2980 476 3046 enim
499 2980 533 3045 in
556 2980 772 3066 descriptione
794 2978 827 3046 id
844 3001 958 3046 nomen
981 2985 1257 3047 commemoratur.
1303 2978 1338 3044 iu
1360 2976 1473 3044 eadem
1494 2975 1595 3041 Arsia
1609 2972 1728 3040 fluvius

391 3085 487 3170 plane
509 3086 692 3171 neglegitur
715 3090 829 3169 3,140
851 3097 943 3150 cetero
964 3107 1019 3171 per
1042 3107 1128 3148 oram
1151 3108 1172 3148 a
1188 3083 1357 3148 Nesactio
1379 3084 1501 3147 Alcona
1523 3089 1583 3149 etc.
1630 3081 1728 3147 tertio

389 3213 521 3276 quoqne
544 3193 613 3259 loco
640 3214 755 3259 nomen
778 3192 902 3277 Illyrici
929 3195 963 3258 in
987 3190 1164 3276 Agrippeia
1195 3192 1324 3276 legitur.
1370 3193 1480 3279 3,101
1514 3189 1599 3255 enim
1630 3187 1728 3254 verbu

387 3301 550 3386 accipiente
570 3300 688 3384 Illyrici
708 3300 781 3364 arbe
794 3299 967 3363 Damoetae
984 3287 1128 3363 W
1137 3301 1260 3362 11111111
1283 3319 1368 3381 quae
1388 3318 1447 3363 cur
1462 3295 1632 3382 Agrippas
1655 3317 1728 3362 cen·

389 3427 489 3485 seam,
513 3389 791 3492 suprascriptum
815 3406 904 3493 esst).
951 3413 1021 3472 tum
1044 3405 1298 3490 contemplemur
1319 3405 1425 3472 locum
1449 3407 1480 3484 3,
1496 3408 1538 3473 45
1563 3402 1620 3469 ubi
1642 3403 1729 3468 inter

389 3510 553 3577 diarmata
576 3533 656 3594 quos
672 3511 928 3580 Oehmichenum
951 3512 1053 3576 secuti
1069 3510 1211 3579 Varroni
1233 3510 1422 3577 tribuimus:
1446 3509 1575 3596 (Italia)
1597 3509 1727 3575 obest..

388 3618 429 3680 ab
443 3617 543 3704 Epiro
558 3629 585 3682 et
595 3618 621 3681 I
619 3617 723 3702 llyrieo
738 3618 957 3703 quinquaqinta
972 3615 1099 3703 (milia).
1134 3616 1223 3700 quod
1245 3618 1387 3701 spatium
1401 3616 1454 3682 hic
1476 3615 1728 3699 intellegendum

389 3725 442 3803 sit,
467 3725 538 3790 luce
562 3731 611 3790 est
633 3723 752 3790 clarius
775 3723 815 3791 cl.
832 3728 862 3803 3,
888 3726 969 3792 100:
1001 3723 1181 3807 Hydrunte
1214 3723 1299 3788 enim
1334 3722 1544 3806 Apolloniam
1564 3713 1610 3787 ἸΙ
1642 3742 1727 3787 com·

388 3835 555 3916 putantur.
602 3830 644 3897 ab
678 3851 717 3896 ea
750 3835 860 3897 autem
893 3836 987 3914 parte
1021 3850 1097 3896 orae
1132 3849 1213 3914 quse
1241 3850 1263 3894 a
1289 3827 1383 3895 Lisso
1418 3829 1460 3895 ad
1494 3830 1728 3914 septentriones

387 3941 524 4022 spectat,
552 3956 712 4020 nusquam
739 3936 840 4002 Italia
861 3927 894 4002 1]
915 3937 1014 4003 abest.
1060 3937 1171 4020 itaque
1201 3935 1289 4001 Plini
1317 3957 1449 4002 manum
1478 3934 1727 4002 emendatricem

388 4045 599 4127 agnoscimus,
624 4045 682 4128 qui
705 4050 742 4109 ut
757 4064 929 4110 consensus
952 4042 1086 4128 qnidam
1109 4043 1201 4108 fieret
1224 4044 1310 4108 inter
1325 4041 1533 4110 Varroniana
1556 4047 1590 4106 et
1606 4041 1727 4125 Agrip·

388 4171 449 4234 pea
472 4161 500 4214 et
522 4149 641 4235 rayner
674 4149 859 4234 adscripsit,
893 4170 957 4214 uon
991 4155 1028 4214 ut
1062 4148 1152 4214 aliud
1185 4147 1250 4212 iter
1279 4145 1530 4231 intellegeretur.
1576 4167 1636 4212 nec
1662 4166 1726 4212 non

389 4261 420 4340 3,
437 4259 480 4327 92
504 4256 721 4343 duplicatione
744 4261 912 4341 peccatum
935 4261 993 4324 111.
1041 4276 1119 4321 nam
1141 4253 1229 4338 quod
1252 4253 1384 4338 legitur:
1408 4275 1428 4314 a
1450 4251 1571 4317 Solanti
1584 4243 1734 4316 TW

389 4363 525 4430 Osteodes
547 4375 703 4449 coctaque
719 4364 888 4449 Paropinos
908 4363 1019 4437 Ustica,
1044 4362 1094 4428 bis
1117 4361 1202 4426 idem
1225 4359 1354 4428 dicitur.
1400 4358 1541 4425 alterum
1563 4379 1727 4443 graecum,

387 4472 525 4537 alterum
549 4470 686 4536 latinum
708 4491 825 4536 nomen
853 4475 904 4536 est
934 4466 1077 4534 eiusdem
1099 4465 1232 4532 insulas.
1278 4484 1376 4549 quam
1399 4464 1528 4547 antiqui
1550 4464 1728 4549 geographi

388 4580 521 4664 propius
546 4578 588 4644 ad
610 4577 787 4662 Liparaeas
809 4576 934 4642 insulas
957 4575 1110 4640 ridentur
1131 4571 1323 4640 admovisse.
1383 4591 1458 4637 nam
1480 4591 1595 4636 revera
1617 4569 1726 4654 potius

387 4692 501 4752 contra
515 4688 711 4752 Panormum
727 4687 791 4752 sita
807 4690 866 4751 est.
912 4683 1091 4767 Paropinos
1106 4685 1215 4746 autem
1236 4700 1338 4764 prope
1353 4678 1512 4745 Thermas
1528 4677 1725 4744 Himeraeus

387 4792 480 4857 sedes
503 4792 657 4858 habuisse
679 4813 720 4858 ex
741 4790 879 4876 Polybio
903 4797 933 4870 1,
958 4792 1011 4867 24.
1030 4793 1052 4856 4
1076 4786 1288 4871 cognoscitur.

498 4951 518 5022 ¹)
537 4951 635 5006 eadem
652 4953 695 5006 est
712 4950 852 5006 sententia
869 4947 979 5006 hliillsri
997 4946 1033 5001 ad
1051 4944 1126 5001 Ptol.
1145 4945 1171 5014 2,
1190 4944 1234 5014 16,
1247 4945 1273 5001 2.

497 5039 520 5112 l)
539 5040 574 5096 cl.
594 5043 619 5111 3,
632 5041 667 5096 30
684 5040 770 5110 (inter
787 5039 942 5109 Augustos)
961 5036 1062 5108 oppida
1080 5034 1173 5092 latinu
1190 5033 1285 5104 Aquae
1303 5033 1413 5091 Sestias
1432 5031 1626 5089 macoma.

496 5128 518 5200 ⁸)
537 5146 564 5199 p.
584 5131 636 5186 117
654 5129 717 5184 adn.
737 5130 764 5186 3.
