4275 6025
1025 709 1068 773 43

484 940 581 1005 quam
610 920 776 1004 ingeniosa
805 940 881 986 vero
911 941 1075 1004 quamque
1104 941 1182 986 vera
1212 920 1271 986 illa
1298 921 1503 1008 Bernhardyi
1532 921 1718 990 coniectura

379 1028 432 1112 sit,
457 1029 568 1093 statim
591 1025 773 1111 apparebit,
798 1026 853 1091 ubi
878 1025 1038 1111 quomodo
1053 1024 1181 1091 Plinius
1200 1033 1274 1110 post
1294 1048 1368 1093 eum
1383 1028 1490 1095 locum
1505 1027 1610 1095 Iubae
1625 1027 1718 1095 libris

379 1157 456 1200 usus
481 1136 524 1200 sit
546 1131 756 1216 contemplati
784 1133 914 1200 erimus.
960 1151 1019 1196 nec
1041 1132 1128 1196 enim
1151 1132 1212 1196 soli
1235 1133 1265 1197 51
1286 1132 1448 1217 innititur,
1476 1133 1534 1200 sed
1557 1157 1630 1201 curn
1652 1134 1718 1201 alio

380 1241 520 1326 quodam
536 1245 712 1325 comparat,
736 1239 820 1304 unde
836 1260 909 1304 eum
928 1236 1025 1303 modo
1040 1239 1182 1322 corrigit,
1206 1239 1303 1305 modo
1318 1239 1473 1322 defendit,
1497 1242 1594 1309 modo
1609 1247 1717 1327 auget.

380 1346 500 1433 duplex
522 1348 579 1413 illa
602 1348 758 1413 memoria
780 1347 901 1431 optime
923 1346 1067 1411 cernitur
1090 1344 1165 1409 inde
1188 1367 1209 1410 a
1231 1348 1338 1424 6,163
1361 1348 1574 1433 potissimum,
1598 1349 1655 1417 ubi
1678 1371 1718 1416 ea

380 1473 465 1538 quae
488 1459 563 1519 ante
586 1474 768 1520 mensuram
792 1452 994 1536 Agrippeam
1016 1450 1178 1535 leguntur,
1207 1450 1368 1519 diversam
1396 1455 1556 1540 originem
1578 1475 1658 1540 prae
1681 1475 1716 1522 se

380 1559 490 1626 ferunt
512 1581 611 1644 quam
634 1580 718 1644 quae
741 1566 930 1644 sequuntur.
969 1580 1043 1624 nam
1067 1559 1116 1625 bis
1130 1560 1240 1627 fauces
1263 1550 1344 1625 ΪΠΪ
1366 1559 1400 1625 D
1423 1583 1454 1645 p.
1478 1567 1716 1646 computantur.

379 1668 413 1733 in
435 1669 543 1754 priore
565 1674 674 1733 autern
696 1672 791 1752 parte
813 1665 1038 1732 Timosthenes
1054 1666 1287 1733 Eratosthenes
1309 1666 1539 1733 Artemidorus
1562 1668 1715 1749 citantur,

379 1774 464 1840 uude
496 1795 567 1840 eam
595 1775 723 1842 Isidoro
754 1773 995 1841 vindicavimus.
1046 1795 1123 1858 ergo
1153 1773 1335 1860 posteriora
1364 1773 1468 1840 Iubae
1500 1779 1586 1840 sunt.
1632 1795 1718 1859 quae

379 1881 542 1946 sententia
564 1879 776 1946 confirmatur
798 1879 921 1964 duplici
944 1880 1177 1949 observatione.
1224 1881 1366 1965 primum
1388 1881 1474 1948 enim
1505 1881 1540 1946 in
1567 1881 1640 1964 ipsa
1662 1879 1718 1946 de·

379 1988 553 2073 scriptione
568 1987 735 2071 angustias
754 1977 834 2052 Π
858 1985 891 2051 D
913 2006 982 2051 esse
997 1986 1140 2052 traditur
1160 1990 1279 2067 6,170,
1304 2009 1401 2072 quam
1417 2008 1600 2053 mensuram
1614 1985 1717 2053 solam

379 2095 526 2161 Isidorus
548 2093 703 2178 prodidit.
749 2095 823 2160 dein
855 2093 1031 2160 secundum
1062 2098 1176 2176 6,156
1200 2094 1286 2160 Ι555
1314 2094 1398 2160 11153
1429 2093 1586 2179 oppidum
1608 2113 1629 2158 a
1652 2113 1717 2178 quo

381 2201 470 2266 sinus
486 2200 692 2265 Aelaniticus
707 2220 822 2265 nomeu
838 2199 948 2280 traxit,
974 2192 1118 2266 Laenam
1134 2200 1227 2283 dixit,
1253 2199 1402 2266 ι1355553
1426 2208 1536 2267 autem
1550 2199 1717 2266 Isidorum

381 2305 532 2376 ostendit.
578 2306 691 2371 similis
713 2304 894 2372 differentia
917 2312 966 2372 est
988 2308 1021 2372 15
1045 2309 1173 2372 nomine
1194 2306 1361 2374 Characis.
1406 2329 1483 2373 nam
1505 2306 1553 2372 515
1569 2303 1717 2372 Isidorus

380 2413 520 2496 patriam
551 2413 704 2498 appellat,
738 2419 850 2479 contra
879 2413 963 2480 Iuba
987 2413 1155 2481 Characen
1185 2415 1291 2481 forma
1322 2415 1499 2499 vulgariter
1528 2415 1714 2480 immutata.

379 2519 516 2604 proinde
546 2521 763 2586 examinemus
791 2541 874 2604 quae
901 2523 1015 2600 6,156
1047 2521 1088 2587 35
1111 2521 1258 2588 Arabiae
1289 2521 1512 2606 magnitudine
1547 2520 1714 2602 leguntur:

378 2626 517 2688 circuitus
539 2625 674 2689 Arabiae
696 2648 716 2688 a
742 2624 872 2704 Charace
894 2625 1025 2692 Laeana
1048 2628 1181 2714 eollipere
1207 2630 1349 2716 proditur
1370 2616 1517 2717 W}
1544 2615 1655 2689 [XV
1671 2647 1716 2711 p..

378 2731 457 2794 Iuba
484 2741 582 2794 autem
599 2731 695 2816 paud>
721 2734 822 2797 minue
843 2725 931 2824 W]
954 2736 1085 2820 putat¹).
1131 2735 1279 2799 1511551555
1308 2746 1350 2799 551
1378 2758 1398 2797 5
1420 2734 1611 2820 septentrione
1640 2734 1718 2796 iuter

376 2839 495 2924 oppida
517 2837 667 2902 Herceum
690 2850 717 2903 et
743 2837 904 2906 Characen.
950 2843 1056 2926 prima
1078 2864 1229 2908 mensura
1251 2843 1285 2907 in
1308 2842 1413 2908 forma
1432 2841 1562 2905 Laecae
1584 2861 1604 2907 a
1627 2839 1715 2905 Iuba

376 2945 496 3013 deficit.
543 2951 578 3011 at
606 2947 780 3031 opponitur
810 2968 980 3015 mensurae
1011 2949 1163 3033 eiusdem,
1196 2950 1305 3035 itaque
1335 2970 1399 3015 nou
1431 2954 1481 3015 est
1507 2946 1620 3030 Iubae,
1658 2947 1716 3014 sed

379 3049 507 3123 Isidori.
563 3060 677 3121 contra
715 3056 921 3123 latitudinem
956 3078 1030 3123 cum
1062 3056 1206 3125 Charace
1244 3057 1399 3143 oppidum
1437 3056 1575 3138 dicatur,
1612 3055 1716 3123 Iubae

379 3158 584 3226 tribuendam
607 3183 677 3228 esse
699 3169 843 3248 apparet.
891 3185 975 3249 quae
999 3165 1161 3230 sententia
1188 3164 1253 3229 alia
1279 3162 1467 3229 diversitate
1490 3161 1714 3229 confirmatur:

380 3270 489 3345 5156
513 3263 652 3354 ‘Hordeum
674 3266 771 3347 πόλις
793 3268 919 3336 Plinius
941 3270 992 3336 his
1016 3270 1135 3336 litteris
1158 3270 1302 3336 reddidit
1324 3268 1486 3345 Herceum,
1510 3276 1546 3336 at
1567 3269 1716 3335 Isidorus

377 3368 504 3459 Ἡρώων
537 3372 634 3451 πόλις
664 3376 808 3460 scripsit:
845 3376 886 3445 cf.
918 3378 950 3461 6,
969 3380 1031 3447 165
1064 3399 1084 3439 a
1113 3378 1181 3439 siau
1204 3375 1382 3440 Laeanitico
1412 3378 1487 3441 alter
1515 3378 1598 3441 51555
1628 3397 1717 3463 quem

377 3480 495 3544 Arabes
518 3479 605 3545 Aean
627 3493 739 3564 uocant,
768 3484 801 3546 ia
823 3506 881 3569 quo
904 3482 1025 3548 Heroon
1048 3485 1196 3568 oppidum
1217 3494 1267 3547 eet.
1313 3483 1393 3549 item
1419 3482 1573 3548 Characen
1596 3483 1716 3567 legitur

377 3586 554 3651 secuudum
570 3588 708 3671 optimos
723 3587 825 3653 libros
841 3588 928 3673 apud
945 3588 1172 3657 Detlefsenum
1188 3593 1218 3669 6,
1234 3593 1306 3661 100.
1330 3593 1451 3670 6,124.
1476 3592 1506 3670 6,
1523 3593 1586 3659 145
1608 3588 1715 3670 515.’).

375 3690 510 3759 ¹Charax
541 3696 660 3775 6125.
693 3697 768 3763 130.
801 3698 875 3766 136.
908 3698 973 3765 138
1001 3693 1164 3764 Isidorum
1193 3696 1326 3767 indicat.
1372 3716 1435 3762 non
1466 3696 1610 3760 cernitur
1639 3699 1715 3760 utre

377 3798 485 3865 forma
508 3798 627 3866 subsit:
659 3802 776 3880 6135.
803 3802 877 3868 147.
923 3799 1177 3867 15551551155555
1200 3822 1276 3868 vera
1299 3800 1379 3866 duos
1402 3806 1550 3865 auctores
1576 3801 1670 3864 iuxta
1695 3819 1717 3865 a

376 3906 487 3973 Plinio
498 3905 661 3973 adhibitos
673 3927 742 3972 esse
754 3907 949 3991 perspicitur
960 3908 1142 3988 6,178,551
1154 3908 1258 3974 Iubae
1273 3906 1389 3973 relatio
1395 3906 1519 3972 Bionea
1531 3905 1716 3989 opponitur.

375 4034 438 4099 pro
462 4012 565 4079 Bione
588 4033 684 4099 quem
707 4012 772 4077 alio
795 4012 978 4078 intermisso
1000 4012 1108 4079 Plinio
1129 4014 1309 4079 innotuisse
1341 4033 1382 4077 ex
1409 4013 1439 4091 6,
1466 4012 1532 4079 160
1565 4008 1714 4095 1351505-

370 4119 489 4205 pidum
511 4128 613 4182 eoaaa
636 4117 771 4190 Maraeu,
795 4128 954 4204 uunquam
973 4118 1058 4183 Biou
1080 4118 1216 4183 55155551
1236 4118 1372 4200 debeam,
1397 4117 1484 4183 clare
1508 4116 1714 4201 perspicitur,

374 4246 437 4312 pro
459 4224 564 4291 Bioue
587 4224 658 4290 dico
681 4224 894 4290 Aristocreon
916 4246 1159 4309 nonnumquam
1182 4226 1275 4292 adest
1298 4224 1500 4313 (515191)
1523 4223 1575 4290 vel
1595 4223 1717 4291 Dalion

374 4332 434 4415 (cf.
459 4334 594 4419 6‚194),
619 4352 701 4417 5555
723 4332 810 4416 ipsos
834 4352 963 4417 quoque
986 4332 1116 4398 Isidoro
1139 4332 1251 4398 deberi
1273 4354 1314 4398 ex
1341 4335 1451 4411 6,183
1467 4332 1634 4413 concludo,
1658 4331 1716 4399 ubi

373 4460 445 4506 una
466 4436 762 4506 5515Τ1155515555
778 4436 996 4504 Eratosthene
1011 4438 1223 4505 Artemidoro
1245 4438 1423 4505 laudantur
1445 4439 1526 4505 5151
1542 4444 1576 4505 et
1588 4438 1716 4505 Basiles

372 4543 636 4628 Simonidesque.

450 4696 453 4701 -
482 4649 638 4717 hactenus
661 4651 702 4717 de
724 4652 788 4718 illis
811 4650 904 4718 libris
926 4651 1050 4736 egimus
1074 4672 1155 4736 quos
1179 4652 1220 4719 ad
1243 4651 1281 4720 C.
1304 4650 1478 4721 Caesarem
1500 4651 1587 4721 Iuba
1613 4653 1716 4739 scrip-

488 4827 509 4897 ¹)
528 4826 621 4895 itaque
639 4826 713 4883 Iuba
730 4828 824 4885 45000
843 4827 995 4883 studiorum
1013 4846 1075 4883 enm
1093 4832 1245 4899 computat.

488 4917 511 4987 2)
530 4917 573 4984 12,
586 4916 621 4973 60
640 4916 784 4973 Characem
805 4917 909 4988 legitur
926 4934 1092 4988 quamquam
1111 4917 1180 4973 Iuha
1198 4919 1337 4974 laudatur.
1374 4935 1427 4974 nec
1444 4922 1537 4974 tamen
1554 4916 1620 4972 inde
1637 4933 1715 4973 ever·

371 5009 447 5066 titur
466 5004 541 5073 quod
559 5022 642 5076 supra
660 5006 871 5076 disputavimus.
908 5023 973 5059 nam
991 5009 1040 5060 aut
1059 5006 1199 5064 Charaeta
1217 5008 1394 5064 scribendum
1412 5010 1461 5061 aut
1476 5006 1597 5063 Plinium
1612 5005 1717 5061 Isidori

370 5100 497 5155 formam
514 5098 612 5165 postea
628 5095 761 5166 probasse
779 5095 955 5151 statuendum
974 5098 1023 5153 est.
