4275 6025
1109 723 1129 785 2

449 931 615 998 universos
637 930 820 1000 admittere.
867 930 965 996 immo
986 951 1063 996 vero
1086 929 1203 996 seriem
1232 928 1324 995 illam
1353 929 1588 1016 exquisitorum
1617 940 1788 1002 anctorum

449 1038 499 1104 ita
513 1042 641 1104 tentum
658 1038 841 1122 recuperari
856 1057 950 1121 posse
965 1037 1170 1114 comessoris,
1186 1037 1272 1102 utin
1287 1036 1421 1120 singulis
1432 1036 1604 1104 Naturalis
1619 1039 1788 1108 Historiae

450 1143 601 1228 partibus
625 1142 682 1226 qui
706 1142 909 1225 potissimum
931 1145 1081 1208 auctores
1102 1140 1241 1206 adhibiti
1260 1141 1325 1206 sint
1341 1141 1535 1225 inquiratur,
1559 1151 1637 1211 tunc
1651 1146 1789 1213 exclusis

451 1251 499 1317 eis
523 1270 604 1334 quos
626 1270 691 1314 non
713 1249 801 1333 ipsos
822 1247 857 1312 in
879 1268 973 1313 usum
996 1254 1127 1314 vocatos
1149 1254 1208 1314 eut
1231 1245 1337 1312 obiter
1360 1253 1490 1315 tantum
1515 1253 1687 1317 accersitos
1717 1273 1788 1318 esse

450 1356 614 1440 apparuit,
652 1354 769 1438 reliqui
807 1359 1025 1420 numerentur.
1071 1353 1158 1437 quod
1193 1353 1358 1436 negotium
1390 1374 1465 1419 cum
1495 1356 1550 1420 vix
1586 1357 1789 1424 incohaverit

451 1459 697 1544 Oehmichenus,
730 1461 799 1526 eius
826 1461 992 1545 catalogus
1019 1460 1199 1544 sicutipse
1229 1458 1363 1541 fatetur,
1396 1461 1498 1528 futtili
1525 1463 1642 1529 nititur
1672 1463 1789 1530 funda-

450 1573 569 1638 mento.

558 1696 578 1741 a
601 1674 735 1757 singulis
758 1673 859 1757 igitur
881 1673 987 1756 operis
1010 1672 1159 1757 partibus
1181 1671 1449 1757 proficiscendum
1478 1695 1549 1741 esse
1579 1677 1786 1742 manifestum

451 1787 511 1848 est.
557 1786 592 1846 at
615 1781 700 1846 enim
722 1780 886 1846 Henricus
909 1779 1023 1845 Bruun
1045 1780 1097 1845 vir
1118 1779 1315 1845 clarissimus
1339 1802 1404 1865 qua
1426 1783 1552 1847 ratione
1574 1784 1695 1849 indices
1710 1783 1787 1848 libri

450 1887 547 1973 primi
570 1887 741 1971 compositi
763 1892 880 1964 essent,
910 1887 1102 1970 perquisivit
1110 1885 1145 1969 ¹).
1192 1887 1248 1971 qui
1270 1893 1421 1953 auctores
1443 1909 1508 1972 quo
1535 1891 1609 1973 quis
1631 1891 1744 1958 ordino
1766 1913 1788 1957 a

450 1993 560 2060 Plinio
589 1994 623 2058 in
648 1995 719 2077 ipso
742 1992 827 2059 libro
850 1992 1015 2058 adhibitus
1046 1999 1141 2074 esset,
1172 1992 1284 2060 eodem
1317 1996 1385 2060 lere
1414 1996 1448 2061 in
1478 1996 1584 2064 iudice
1614 1998 1788 2064 collocatos

452 2100 579 2168 statuit.
618 2103 727 2164 tamen
750 2097 947 2164 multimodis
966 2098 1134 2165 turbatum
1156 2120 1226 2164 esse
1248 2098 1333 2164 hunc
1357 2101 1503 2168 ordinem
1518 2104 1570 2168 vel
1585 2104 1787 2189 neglegentia

451 2204 540 2273 Plini
561 2204 613 2270 vel
643 2205 789 2270 socordia
820 2204 1027 2270 librariorum
1050 2204 1236 2288 -quibus
1266 2227 1330 2272 non
1361 2213 1489 2274 tuntum
1519 2209 1633 2294 culpae
1662 2213 1696 2276 in
1726 2211 1787 2276 hac

451 2312 655 2397 potissimum
677 2333 713 2377 re
736 2311 885 2394 equidem
907 2311 1079 2378 tribuerim
1100 2351 1145 2360 -
1168 2313 1239 2395 ipse
1262 2312 1429 2380 Brunnius
1458 2317 1550 2385 vidit.
1595 2319 1687 2384 cuius
1714 2339 1787 2384 sen·

451 2420 556 2486 tentia
586 2425 759 2503 postquam
789 2419 1003 2504 perlongum
1033 2425 1162 2505 tempus
1192 2420 1295 2503 viguit
1325 2423 1419 2503 quasi
1448 2421 1693 2489 fundamentum
1721 2444 1788 2488 cer·

450 2527 611 2592 tissimum
633 2526 772 2592 fontium
794 2524 1064 2610 indagandum,
1096 2547 1200 2611 nuper
1231 2527 1271 2592 de
1301 2528 1436 2611 singulis
1467 2530 1658 2613 quibusdam
1688 2528 1785 2592 rebus

451 2632 597 2698 dubitari
619 2636 769 2717 coeptum
792 2636 852 2698 est.
899 2653 1002 2718 neque
1025 2633 1109 2698 enim
1132 2654 1187 2699 eos
1209 2639 1357 2699 auctores
1373 2634 1549 2698 enumerari
1565 2633 1648 2697 solos
1664 2630 1783 2714 quibus

452 2742 487 2808 in
510 2739 739 2806 conscribendo
762 2759 859 2823 opere
883 2739 961 2822 ipsis
984 2760 1062 2804 usus
1086 2746 1158 2805 erat
1171 2738 1296 2805 Plinius
1312 2759 1430 2824 quosve
1452 2737 1493 2802 ab
1517 2738 1589 2804 aliis
1604 2741 1784 2821 acceperat,

453 2846 512 2914 sed
540 2846 660 2912 multos
691 2851 863 2929 propterea
893 2851 1020 2911 tantum
1050 2845 1201 2911 laudatos
1231 2846 1318 2931 quod
1348 2848 1382 2911 in
1412 2844 1522 2911 eadem
1553 2846 1691 2910 materia
1716 2865 1787 2908 rer·

453 2957 614 3031 serentur,
638 2971 711 3016 cum
734 2949 791 3015 alii
813 2957 884 3016 tnm
905 2950 945 3019 F.
969 2949 1104 3018 Miinaer
1126 2953 1272 3038 exposuit
1280 2951 1314 3035 2).

559 3078 598 3125 ac
629 3079 688 3124 nos
715 3057 940 3142 geographicis
967 3057 1059 3125 libris
1084 3058 1239 3129 III-VI
1263 3080 1396 3144 operam
1418 3060 1567 3124 navaturi
1596 3079 1661 3123 nou
1690 3058 1788 3143 primi

453 3166 539 3233 hanc
560 3166 729 3233 materiem
743 3166 944 3249 attingimus.
990 3187 1049 3231 nec
1068 3172 1177 3233 tamen
1193 3166 1307 3231 inutile
1321 3173 1475 3251 putamus
1494 3187 1575 3250 opus
1591 3172 1787 3250 susceptum.

453 3295 529 3341 nam
552 3272 609 3356 qui
625 3272 732 3337 adhuc
747 3272 832 3337 hanc
847 3273 1068 3356 quaestionem
1083 3279 1315 3352 tractaverunt,
1339 3273 1396 3339 ubi
1410 3273 1575 3358 quandam
1590 3294 1663 3337 cum
1679 3271 1788 3337 Plinio

453 3377 697 3445 similitudinem
720 3379 807 3463 apud
829 3379 911 3446 alios
934 3380 1107 3465 scriptores
1131 3381 1331 3463 detexerant,
1356 3381 1467 3445 statim
1489 3378 1533 3444 sd
1560 3399 1615 3444 eos
1636 3377 1790 3444 Pliniana

453 3486 603 3552 universa
625 3492 826 3552 revocarunt.
871 3487 959 3570 quod
989 3508 1088 3571 quam
1118 3487 1236 3553 falsum
1266 3488 1318 3568 sit,
1346 3486 1431 3551 infre
1457 3485 1639 3570 apparebit.
1684 3506 1789 3569 neque

453 3592 539 3659 enim
562 3592 590 3657 is
606 3602 657 3658 est
671 3591 808 3673 Plinius,
833 3594 888 3677 qui
903 3614 968 3659 uno
983 3600 1116 3660 auctore
1131 3594 1341 3661 exscribendo
1357 3599 1526 3659 contentus
1542 3592 1596 3669 sit,
1618 3590 1790 3675 sedsaepe

453 3699 506 3766 vel
534 3699 568 3764 in
600 3719 665 3765 uno
695 3698 870 3783 eodemque
901 3702 1067 3767 enuntiato
1097 3701 1310 3785 complurium
1342 3701 1519 3765 sententias
1553 3697 1788 3781 conglutinavit

453 3806 547 3891 quasi
571 3806 694 3872 musivo
717 3805 858 3891 quodam
881 3827 977 3892 opere
999 3807 1140 3882 condito,
1169 3829 1233 3892 quo
1259 3806 1357 3889 longa
1378 3804 1493 3889 regula
1519 3805 1713 3889 interpositis
1735 3801 1785 3867 la-

452 3914 542 3998 pillis
564 3915 722 3980 variatur.
759 3934 823 3998 quo
847 3912 1034 3981 factumest
1055 3921 1093 3980 ut
1115 3915 1175 3979 viri
1198 3914 1285 3980 docti
1308 3934 1348 3978 ex
1371 3913 1482 3978 eodem
1505 3913 1673 3977 enuntiato
1699 3907 1787 3975 haud

453 4039 529 4085 raro
552 4021 716 4086 contraria
739 4020 914 4101 efficerent,
938 4042 1011 4086 cum
1033 4021 1118 4087 alter
1140 4022 1244 4087 altera
1262 4026 1358 4105 parte
1383 4020 1452 4084 eius
1472 4024 1660 4102 comparata
1675 4017 1788 4083 statim

454 4125 496 4191 de
526 4130 597 4191 toto
618 4125 787 4192 iudicaret.
834 4127 945 4209 itaque
969 4148 1079 4193 eorum
1103 4148 1202 4211 opera
1223 4148 1319 4211 saepe
1340 4126 1440 4191 inrita
1460 4125 1549 4189 facta
1571 4129 1631 4190 est.
1678 4129 1789 4188 tumen

454 4253 527 4298 eam
548 4231 648 4298 nolim
675 4240 887 4298 contemnere.
935 4254 1011 4299 nam
1042 4254 1241 4318 quamquam
1270 4254 1310 4297 ex
1341 4239 1410 4297 toto
1442 4232 1561 4297 nemini
1591 4230 1789 4314 applaudere

453 4358 633 4424 possumus,
668 4341 777 4403 temen
811 4336 958 4404 confiteri
991 4339 1093 4421 decet,
1130 4340 1234 4405 multa
1263 4361 1322 4405 nos
1346 4336 1566 4406 Oehmieheno
1599 4334 1790 4401 Detlefseno

454 4441 646 4511 Schwedero
661 4440 799 4509 Ountzio
816 4443 943 4527 debere,
968 4453 1007 4510 ut
1029 4467 1084 4511 eos
1107 4447 1268 4512 nominem
1284 4446 1341 4530 qui
1360 4446 1394 4509 in
1409 4442 1542 4525 singulis
1557 4442 1698 4527 plurima
1713 4462 1790 4527 pro-

452 4550 610 4619 iecerunt.
656 4548 715 4615 sed
736 4550 785 4615 illi
807 4550 962 4635 neglectis
985 4553 1100 4618 ceteris
1124 4573 1215 4617 suam
1237 4557 1365 4617 tantum
1389 4550 1526 4634 quisque
1541 4548 1678 4632 ingressi
1691 4547 1788 4625 riam,

453 4678 528 4724 cum
551 4657 650 4722 ceteri
673 4656 751 4741 quid
774 4659 1021 4740 praestitissent,
1051 4659 1225 4724 aestimare
1254 4679 1319 4724 non
1340 4661 1481 4742 possent,
1515 4675 1552 4721 ec
1574 4657 1792 4739 pervenerunt

453 4768 492 4829 ut
515 4762 597 4828 alius
620 4764 677 4829 alii
700 4762 746 4827 nil
768 4764 941 4849 profecisse
963 4766 1137 4833 rideretur.

564 4923 584 4991 ¹)
603 4921 635 4977 de
652 4926 796 4979 auctorum
814 4923 952 4979 indicibus
970 4924 1113 4981 Pliniam'a
1130 4924 1282 4995 disputatio
1299 4922 1445 4992 ieogegico.
1483 4919 1597 4974 Bonnse
1616 4918 1695 4974 1856.

453 5114 473 5169 p
502 5011 595 5168 12821
604 5010 734 5083 Beitrdga
755 5030 807 5069 zur
828 5012 1026 5084 Quelleobritilr
1048 5015 1097 5071 der
1120 5012 1360 5086 Naturpaeoiclte
1382 5012 1428 5068 das
1446 5010 1567 5066 Plinius.
1603 5007 1700 5062 Berlin
1719 5007 1793 5063 1897
