4275 6025
1015 673 1228 774 ,ΑΟ-ῃ

451 883 626 950 indicando
655 905 772 949 nomen
808 883 949 950 auctoris
982 883 1167 968 appositum
1198 883 1242 947 sit
1271 882 1468 966 quaesiverit
1501 884 1672 968 quispiam.
1728 887 1791 955 hoc

451 995 624 1075 propterea
636 991 757 1056 iactum
769 1011 838 1056 esse
853 991 975 1056 conicio
994 989 1081 1074 quod
1096 993 1128 1071 3,
1140 991 1185 1058 87
1200 988 1361 1055 diversam
1376 1009 1396 1054 a
1411 986 1617 1057 Varroniano
1630 993 1790 1061 rationem

452 1097 589 1182 protulit
604 1096 731 1163 Plinius
741 1098 774 1179 1).
821 1117 988 1162 mensuras
1010 1117 1087 1162 vero
1111 1118 1170 1162 suo
1192 1095 1263 1162 loco
1286 1095 1460 1162 collocatas
1483 1117 1552 1164 esse
1565 1100 1622 1165 vix
1635 1105 1686 1166 est
1701 1101 1790 1185 quod

450 1226 609 1274 moneam.
656 1204 823 1289 aptissime
846 1204 930 1270 enim
953 1209 1127 1288 postquam
1151 1201 1193 1268 de
1214 1201 1415 1287 longitudine
1438 1209 1472 1269 et
1490 1203 1663 1272 latitudine
1679 1213 1790 1275 actum

451 1317 510 1393 est,
534 1311 708 1378 intervalla
730 1311 925 1390 referuntur,
949 1315 1017 1377 tum
1041 1309 1083 1376 de
1105 1311 1172 1376 situ
1193 1310 1347 1395 pergitur.

557 1439 617 1485 nec
647 1419 752 1483 minus
783 1423 854 1485 arte
885 1437 958 1484 cum
990 1419 1062 1503 ipsa
1094 1417 1308 1501 descriptione
1338 1439 1460 1483 conexa
1489 1425 1566 1484 sunt
1593 1441 1678 1505 quae
1701 1425 1730 1504 3,
1745 1426 1788 1493 95

452 1521 594 1590 Varroni
609 1523 852 1591 adscribuntur:
868 1524 999 1610 (Italiae
1014 1523 1116 1611 frons)
1139 1534 1224 1609 patet
1238 1514 1439 1597 LXWJ,
1455 1536 1490 1588 ut
1504 1537 1607 1590 auctor
1621 1539 1663 1591 eat
1683 1527 1787 1601 Varro,

448 1629 581 1715 purique
605 1620 745 1694 [XXV
755 1628 864 1717 seuera
910 1629 963 1694 hic
991 1649 1089 1713 quam
1116 1635 1243 1713 partem
1271 1649 1347 1694 orae
1376 1627 1516 1695 frontem
1538 1630 1658 1698 Italiae
1680 1633 1788 1703 Varro

453 1737 574 1802 dixerit
596 1739 776 1822 quaeritur.
823 1758 863 1802 ex
886 1736 955 1819 ipso
978 1741 1089 1800 autem
1112 1755 1247 1800 numero
1273 1741 1411 1819 apparet
1440 1736 1691 1821 intellegendam
1719 1763 1788 1808 esse

451 1866 544 1910 oram
566 1843 643 1910 inde
666 1865 686 1909 a
709 1843 824 1910 Locris
848 1843 1014 1928 usquead
1037 1841 1209 1908 Lacinium
1232 1841 1503 1926 promunturium,
1526 1843 1646 1926 quibus
1668 1846 1788 1914 finibus

449 1950 540 2016 illam
563 1951 728 2015 notionem
750 1955 839 2016 recte
862 1949 1112 2034 circumscripsit
1134 1947 1416 2033 Oehmiehenum),
1442 1948 1483 2015 ci.
1507 1952 1537 2032 3,
1551 1954 1593 2021 97
1617 1975 1637 2015 c
1660 1951 1788 2018 Lucium

447 2057 662 2144 promunturio
685 2058 830 2119 secundus
845 2055 987 2141 Europae
1009 2057 1091 2118 sinus
1112 2057 1227 2140 incipit.
1274 2075 1372 2138 quam
1394 2061 1467 2121 arto
1489 2077 1565 2122 vero
1584 2061 1788 2126 necessitatis

449 2162 577 2229 vinculo
601 2162 718 2228 frontis
741 2163 799 2228 illa
821 2163 910 2229 notio
933 2184 1007 2229 cum
1030 2167 1101 2229 tota
1123 2162 1210 2228 Plini
1234 2162 1448 2246 descriptione
1471 2163 1644 2231 coniuncta
1666 2167 1718 2246 sit,
1749 2188 1787 2233 eo

449 2271 643 2356 perspicitur
666 2268 754 2354 quod
777 2291 835 2336 ora
857 2269 1014 2337 dividitur
1044 2271 1079 2335 in
1109 2270 1198 2335 sinus
1228 2274 1262 2335 et
1292 2289 1346 2334 eas
1378 2274 1489 2353 partes
1521 2292 1606 2354 quae
1636 2279 1786 2357 apertum

448 2398 539 2444 mare
554 2383 774 2462 prospectant.
800 2378 858 2443 has
874 2384 982 2443 autem
994 2378 1124 2443 notione
1135 2376 1251 2442 frontis
1266 2375 1371 2444 Varro
1383 2375 1553 2460 signifieat,
1569 2378 1612 2446 11.
1624 2385 1655 2458 1,
1667 2384 1731 2450 116
1744 2380 1785 2450 al.

448 2486 559 2570 itaque
573 2485 663 2551 frons
680 2484 798 2550 Italiae
813 2485 855 2550 ad
878 2484 1014 2549 eandem
1034 2484 1280 2567 descriptionem
1301 2484 1452 2566 pertinet,
1476 2504 1542 2567 qua
1562 2506 1620 2550 ora
1634 2486 1785 2569 Europae

449 2591 628 2658 meridiana
658 2591 693 2656 in
722 2596 879 2676 quattuor
911 2591 999 2656 sinus
1033 2591 1158 2676 partita
1192 2594 1242 2654 est
1275 2588 1319 2655 ad
1353 2589 1594 2655 similitudinem
1627 2597 1783 2674 quattuor

450 2697 576 2763 illorum
600 2698 713 2763 oceani
736 2699 876 2763 sinuum.
923 2717 962 2762 ea
984 2702 1093 2762 autem
1113 2696 1247 2778 partitio
1271 2696 1350 2779 quin
1364 2695 1507 2763 Varroni
1529 2695 1694 2776 debeatur,
1717 2715 1782 2761 non

450 2808 499 2867 est
528 2802 673 2881 dubium,
705 2803 745 2873 11.
781 2803 989 2868 Detlefsenus
1019 2801 1161 2868 Hermes
1184 2805 1226 2871 21
1251 2804 1369 2888 (1886)
1398 2825 1431 2888 p.
1460 2806 1526 2873 240
1535 2825 1583 2888 sq.
1616 2803 1701 2869 addo
1731 2804 1784 2869 hie

450 2928 579 2992 quoque
601 2910 722 2992 optime
745 2911 922 2975 sententias
945 2916 978 2974 et
1001 2909 1172 2974 enuntiata
1193 2910 1287 2979 coire.

557 3038 595 3082 ao
622 3038 663 3082 ne
688 3020 793 3099 3,101
826 3017 956 3101 quidem
989 3016 1093 3082 oratio
1122 3017 1192 3082 hiat
1220 3024 1279 3082 aut
1309 3017 1393 3084 male
1424 3018 1584 3084 cohaeret.
1630 3038 1691 3084 nec
1717 3018 1786 3085 ullo

449 3121 544 3189 modo
575 3128 683 3207 potest
715 3124 931 3199 demonstrari
962 3143 1001 3188 ea
1031 3144 1115 3207 quae
1139 3127 1168 3205 3,
1188 3126 1251 3193 109
1280 3126 1449 3207 113,142
1477 3146 1517 3189 ex
1539 3123 1689 3192 Varrone
1718 3124 1786 3191 lau-

449 3228 578 3307 dantur,
610 3234 724 3313 postea
751 3250 820 3294 esse
851 3229 983 3295 inserta.
1029 3250 1135 3313 neque
1164 3230 1249 3294 enim
1280 3235 1367 3295 recte
1390 3227 1664 3311 Oehmichenus⁸)
1696 3231 1786 3315 frag·

449 3342 595 3401 mentum
626 3334 866 3403 Varronianum
898 3339 1007 3415 3,142
1037 3336 1123 3400 inter
1156 3334 1284 3402 tabulas
1316 3357 1399 3420 quae
1430 3335 1584 3419 Augusto
1614 3337 1782 3418 debentur,

447 3441 640 3508 collocatum
663 3462 732 3507 esse
748 3442 923 3509 contendit.
958 3443 1055 3509 immo
1072 3443 1236 3508 artissime
1254 3440 1339 3508 illud
1353 3444 1506 3509 cohaeret
1528 3465 1601 3509 oum
1617 3444 1782 3529 periegesi,

448 3549 482 3614 in
504 3569 602 3633 quam
624 3549 798 3633 Augustea
820 3570 840 3614 a
862 3548 970 3614 Plinio
993 3551 1115 3615 inserta
1137 3555 1222 3615 suut.

557 3660 593 3721 at
616 3660 646 3737 4,
661 3657 703 3725 62
735 3676 799 3721 non
830 3662 879 3721 est
910 3655 1043 3722 dubium
1075 3656 1153 3740 quin
1176 3653 1379 3724 Varroniana
1408 3654 1527 3720 falsum
1558 3655 1665 3721 locum
1694 3676 1783 3721 occu-

447 3762 604 3846 paverint.
651 3783 728 3827 nam
759 3766 845 3827 recte
874 3760 1147 3848 Oehmichenus‘)
1178 3762 1303 3828 monuit
1332 3783 1371 3827 ea
1401 3782 1486 3846 quae
1517 3761 1558 3827 de
1587 3761 1693 3828 insula
1716 3761 1784 3828 Ooo

449 3867 586 3932 dicenda
608 3866 750 3946 fuerunt,
775 3867 817 3933 ad
833 3867 971 3933 insulam
986 3864 1075 3934 (leon
1097 3869 1204 3934 relata
1227 3887 1305 3935 esse.
1346 3888 1436 3933 error
1452 3875 1563 3933 autem
1580 3868 1660 3951 quin
1675 3866 1783 3933 Plinio

448 3972 491 4035 sit
514 3972 640 4038 crimini
663 3973 802 4055 dandus,
826 3996 889 4040 non
908 3973 1022 4040 dubito
1030 3973 1068 4061 ⁶).
1115 3975 1171 4039 scd
1187 3974 1389 4040 excusandus
1412 3980 1463 4039 111
1486 3974 1722 4058 quodammodo
1747 3993 1784 4039 eo

447 4076 534 4161 quod
558 4077 688 4145 110111
711 4080 819 4145 insula
842 4079 975 4148 110111
998 4080 1126 4145 nomine
1141 4079 1209 4146 Oea
1223 4079 1388 4165 appellata
1404 4100 1473 4145 esse
1488 4079 1601 4159 fertur,
1630 4079 1670 4147 cf.
1695 4086 1728 4156 4,
1741 4083 1784 4149 62

448 4188 482 4248 11
504 4186 627 4262 c,134.
665 4187 750 4252 unde
772 4188 919 4253 nascitur
942 4188 1083 4271 suspicio
1107 4188 1165 4253 illa
1187 4187 1228 4252 de
1250 4185 1394 4253 restibus
1410 4184 1487 4253 Oois
1511 4192 1580 4253 toto
1603 4208 1700 4271 opere
1716 4187 1784 4253 iere

447 4287 598 4354 absoluto
625 4292 805 4375 accessisse,
838 4299 925 4359 certe
952 4299 1124 4378 postquam
1148 4291 1294 4358 libellum
1324 4291 1416 4357 illum
1448 4292 1489 4357 de
1519 4293 1632 4359 insulis
1656 4293 1783 4359 Plinius

448 4394 678 4482 compilavit⁸).
718 4398 844 4464 accedit
866 4398 954 4485 quod
976 4399 1038 4465 hoe
1060 4399 1131 4466 loco
1145 4398 1260 4484 procul
1275 4397 1374 4465 dubio
1390 4397 1548 4467 Varronis
1564 4401 1784 4466 testimonium

557 4537 577 4607 ¹)
597 4554 652 4605 qua
669 4538 704 4592 de
723 4555 753 4591 re
772 4538 807 4592 oi.
825 4540 899 4595 infra
917 4559 944 4612 p.
964 4542 1006 4597 54.

555 4625 576 4695 ²)
594 4624 671 4681 Plio.
689 4625 766 4682 secu.
786 4627 856 4684 1880
875 4645 901 4698 p.
921 4630 963 4685 23.

555 4713 576 4780 ⁸)
593 4714 613 4770 l.
631 4715 650 4769 l.
669 4732 695 4786 p.
709 4717 753 4773 24.

554 4803 577 4873 ⁴)
595 4804 669 4859 Acta
687 4820 741 4859 soc.
760 4802 838 4873 Lipe.
855 4802 904 4860 111
923 4806 991 4862 1873
1010 4822 1037 4875 p.
1050 4806 1111 4862 435.

556 4892 578 4961 Β)
596 4891 693 4947 eadem
710 4893 794 4947 turba
813 4893 848 4947 de
865 4894 963 4948 insulis
976 4894 1032 4950 (leo
1051 4899 1081 4949 et
1092 4894 1150 4949 (loo
1168 4893 1244 4950 facta
1262 4898 1306 4950 est
1322 4912 1366 4964 ap.
1385 4893 1452 4949 Isid.
1467 4894 1537 4964 orig.
1557 4895 1600 4962 14,
1614 4895 1640 4964 6,
1654 4893 1696 4951 18.
1735 4892 1785 4947 sed

447 4980 493 5035 hic
512 4980 636 5036 Solinum
655 4981 814 5051 exscripsit:
835 4982 860 5050 7,
870 4981 905 5038 20
923 4999 949 5052 p.
969 4982 1040 5052 5114
1058 4982 1128 5039 Mo'.

556 5069 580 5137 ο)
598 5069 706 5139 dequo
724 5070 807 5141 paulo
825 5072 890 5139 post
908 5087 1021 5140 agemm
1039 5089 1066 5141 p.
1081 5073 1161 5141 2hsq.
