4275 6025
1010 720 1075 784 143

372 930 457 998 forte
479 930 643 998 Isidorum
666 930 793 995 Plinius
816 928 900 995 dixit
922 927 974 1015 (cf.
999 932 1123 1011 4‚102)
1131 929 1172 1014 1).
1218 948 1257 993 ac
1287 948 1329 993 ue
1358 927 1421 993 hoc
1453 928 1581 1011 quidem
1603 926 1714 993 audeo

372 1036 559 1119 diiudicare,
592 1043 705 1102 utrum
736 1057 774 1101 ea
796 1056 878 1119 quae
900 1038 1011 1117 1101
1034 1056 1075 1101 ex
1096 1034 1229 1102 Timaeo
1252 1034 1294 1099 de
1315 1034 1431 1100 insulis
1453 1032 1559 1118 Phyle
1582 1040 1616 1100 et
1638 1031 1706 1099 Icti

371 1143 565 1221 referuntur,
600 1163 642 1209 ex
662 1141 810 1210 Varrone
834 1141 987 1208 fluxerint
1017 1164 1060 1207 au
1084 1163 1124 1208 ex
1145 1141 1203 1208 illo
1224 1141 1414 1223 recentiore,
1444 1161 1643 1225 quamquam
1665 1140 1711 1206 81.

372 1251 482 1329 2187
505 1248 587 1315 illud
609 1249 812 1315 verisimilius
835 1255 892 1330 881,
924 1249 1115 1333 praesertim
1142 1269 1216 1313 cnm
1237 1246 1406 1312 Timaeum
1436 1248 1524 1313 inter
1547 1246 1711 1315 Varronis

372 1361 521 1424 auctores
554 1357 655 1424 fuisse
693 1363 828 1423 constet.
883 1376 969 1441 quae
1003 1356 1165 1423 sententia
1200 1356 1298 1420 etiam
1332 1354 1420 1421 hisae
1452 1353 1710 1419 commendetur:

370 1464 531 1530 transitur
553 1464 595 1529 ad
611 1462 755 1532 Galliam
777 1469 808 1543 4,
824 1467 888 1534 105
912 1469 1012 1547 atque
1035 1460 1117 1531 adeo
1142 1462 1291 1547 abrupte,
1315 1466 1352 1526 ut
1364 1459 1410 1530 ‚ad
1427 1460 1528 1526 alium
1543 1464 1712 1525 auctorem

371 1568 513 1636 Plinium
537 1592 571 1636 se
594 1571 759 1655 adplicata
782 1573 949 1655 appareat.
995 1570 1082 1635 hunc
1096 1575 1208 1635 autem
1230 1566 1368 1634 eundem
1391 1588 1460 1632 8888
1484 1567 1542 1650 qni
1563 1566 1630 1631 iam
1652 1586 1713 1630 an·

371 1683 425 1742 tea
455 1677 509 1743 de'
523 1676 700 1744 Germania
734 1675 902 1743 adhibitus
934 1684 994 1759 est,
1029 1676 1297 1742 determinatione
1330 1671 1459 1741 Galliae
1490 1672 1708 1757 cognoscitur:

372 1781 482 1849 Scaldi
505 1785 589 1849 enim
604 1789 635 1865 4,
650 1786 693 1853 98
710 1782 891 1850 Germania
913 1782 1006 1850 finita
1029 1788 1088 1865 est,
1114 1782 1223 1849 Scaldi
1236 1802 1323 1847 nunc
1339 1777 1451 1847 Gallia
1465 1780 1589 1863 incipit.
1624 1798 1712 1863 quae

371 1889 485 1955 divisio
508 1892 668 1956 recentior
691 1896 741 1956 est
755 1889 917 1975 Agrippa.
956 1910 1031 1955 nam
1047 1890 1075 1955 is
1090 1888 1243 1954 Rhenum
1260 1885 1388 1953 Galhaa
1410 1884 1507 1951 finem
1524 1884 1710 1949 mnstituit:

370 2001 480 2075 1111
504 1996 715 2064 1111111818.
741 2001 794 2067 20.
819 2000 873 2067 19.
907 1992 1134 2066 111νί8111.
1176 2001 1347 2081 praeterea
1378 2000 1487 2059 autem
1510 1989 1713 2057 Caesariana

369 2103 484 2169 divisio
498 2104 674 2188 profertur,
698 2125 798 2188 quam
814 2104 975 2170 recentior
990 2104 1046 2169 ille
1061 2109 1176 2169 auctor
1191 2108 1320 2168 secutus
1335 2121 1400 2166 non
1415 2104 1474 2181 881,
1499 2098 1541 2165 ab
1555 2098 1712 2182 Angusto

369 2210 535 2276 abolitam.
581 2232 642 2276 nec
664 2233 729 2277 uon
752 2212 938 2277 vetustioris
963 2210 1096 2294 originis
1119 2210 1339 2276 testimonium
1362 2213 1413 2274 est
1434 2227 1551 2273 nomen
1565 2202 1711 2271 Celticae

372 2312 503 2382 Galliae
535 2316 705 2401 (810188.
731 2316 819 2384 Gall.
845 2324 979 2402 1,1,1),
1009 2315 1177 2383 Garumna
1207 2316 1281 2382 finis
1312 2315 1409 2380 huius
1441 2317 1474 2378 et
1496 2313 1711 2397 Aquitaniae.

370 2419 499 2489 Galliae
522 2423 596 2489 dein
623 2424 760 2508 populos
789 2446 831 2490 ex
860 2424 1041 2489 recentiore
1074 2429 1206 2489 auctore
1235 2420 1367 2487 fluxisse
1398 2420 1450 2485 vel
1479 2440 1515 2484 eo
1550 2419 1713 2503 probatur

372 2528 459 2612 quod
474 2526 611 2596 Colonia
626 2530 878 2615 Agrippinensis
892 2531 927 2595 in
951 2551 990 2596 81
1006 2530 1089 2594 serie
1111 2532 1391 2595 commemoratur.
1428 2525 1582 2609 Auguste
1597 2530 1709 2589 antem

369 2635 542 2719 quominus
564 2636 627 2721 ipsi
649 2657 704 2702 eos
731 2636 924 2719 adscribam,
957 2642 1127 2721 praeterea
1158 2634 1284 2700 duabus
1313 2633 1516 2719 potissimum
1546 2630 1711 2715 impedior

369 2741 484 2811 causis.
523 2763 600 2807 nam
622 2743 762 2826 primum
786 2743 918 2828 quidem
933 2743 1055 2809 ordinis
1076 2741 1274 2826 alphabetici
1289 2740 1425 2823 vestigia
1439 2758 1504 2803 non
1521 2744 1708 2818 cernuntur,

370 2846 484 2913 deinde
507 2868 562 2913 eos
585 2847 760 2933 dispositos
782 2871 852 2916 esse
874 2857 1025 2934 apertum
1049 2856 1099 2915 est
1114 2850 1163 2914 ita
1177 2854 1215 2914 ut
1230 2846 1377 2933 quamvis
1392 2844 1435 2911 ab
1450 2844 1543 2909 initio
1559 2841 1705 2909 Galliam

367 2952 536 3037 usquead
558 2952 709 3020 Rhenum
740 2954 1026 3039 comprehendant,
1057 2960 1168 3021 111181
1197 2952 1321 3020 Scaldis
1353 2952 1438 3018 ratio
1467 2951 1577 3035 aliquo
1609 2949 1709 3016 modo

367 3057 528 3125 habeatur
549 3064 580 3142 4,
596 3063 660 3130 106
684 3067 717 3127 81
739 3063 868 3128 omnino
891 3062 932 3127 de
947 3064 1013 3128 situ
1028 3070 1157 3146 agatur.
1192 3082 1277 3145 quae
1299 3081 1374 3126 cum
1388 3061 1436 3124 ita
1452 3059 1517 3123 sint
1532 3057 1709 3140 Augustae.

367 3163 421 3230 hic
443 3165 509 3231 iam
532 3166 566 3232 in
588 3167 678 3233 Plini
708 3166 797 3235 11118
824 3190 897 3235 cum
925 3167 1139 3252 descriptione
1168 3168 1339 3234 coniuncta
1367 3166 1466 3232 fnisse
1489 3163 1551 3231 tibi
1572 3184 1708 3249 persua·

368 3293 458 3338 sarrs.

477 3379 590 3463 populi
604 3385 733 3446 tantum
749 3387 879 3466 praeter
894 3380 1062 3450 Goloniam
1078 3383 1354 3466 Agrippinensem
1370 3381 1405 3445 in
1420 3376 1556 3462 Belgica
1570 3397 1709 3461 percen-

367 3491 493 3551 sentur:
518 3484 654 3551 eundem
676 3508 799 3554 morem
822 3496 932 3555 servat
946 3489 1075 3556 Plinius
1093 3492 1192 3555 etiam
1205 3491 1240 3554 in
1254 3485 1512 3572 Lugdunensil),
1536 3485 1599 3549 nisi
1615 3481 1706 3567 quod

366 3589 516 3674 Ligerem
539 3613 604 3676 quo
628 3613 667 3658 81
689 3595 853 3677 provincia
875 3596 917 3661 ab
943 3596 1125 3680 Aquitania
1148 3595 1312 3676 diuiditur,
1341 3596 1571 3659 commemorat
1602 3609 1705 3674 paen-

366 3697 568 3782 insulamque
591 3696 820 3768 Ossismorum.
866 3702 950 3767 hanc
985 3723 1061 3768 vero
1096 3722 1137 3767 ex
1167 3701 1293 3786 periplo
1316 3699 1520 3768 Varroniano
1553 3717 1622 3762 8888
1653 3697 1704 3760 in·

366 3805 487 3867 sertam
502 3801 589 3868 haud
606 3805 671 3870 8118
686 3826 729 3871 11
745 3827 818 3871 cum
833 3806 944 3892 aliqua
965 3807 1197 3893 probabilitate
1213 3807 1357 3872 conicere
1372 3805 1478 3870 liceat.
1518 3803 1600 3868 falso
1616 3802 1704 3867 enim

365 3907 435 3974 loco
458 3914 532 3992 post
546 3908 699 3994 Ligerem
722 3913 791 3978 eius
813 3934 929 3979 nomen
951 3915 1115 3981 invenitur
1131 3934 1267 3998 eamque
1289 3910 1433 3978 aPlinio
1455 3911 1489 3975 in
1509 3909 1702 3994 populorum

366 4015 481 4080 seriem
504 4016 731 4100 interpositam
754 4041 823 4086 esse
838 4018 1046 4086 manifestum
1068 4026 1128 4086 est.
1167 4026 1279 4105 postea
1301 4019 1385 4084 enim
1406 4016 1515 4083 uerbis
1537 4015 1619 4078 ultro
1634 4036 1706 4078 cum

365 4122 408 4187 ad
422 4121 573 4207 Ligerem
594 4124 730 4195 reditur.
776 4125 997 4194 Ossismorum
1019 4135 1128 4194 autem
1150 4125 1340 4212 paeninsula
1362 4145 1400 4191 eo
1423 4123 1525 4207 magis
1547 4121 1703 4200 originem

365 4226 605 4296 Varronianam
628 4253 707 4317 prae
730 4253 765 4298 se
786 4233 859 4314 lert,
884 4233 972 4318 quod
987 4235 1055 4300 eius
1071 4235 1153 4299 situs
1168 4231 1428 4316 suspectissimus
1442 4228 1572 4313 quidem
1586 4248 1704 4311 parum

476 4480 498 4549 ¹)
516 4477 640 4534 breviter
658 4479 761 4534 adnoto
780 4478 902 4534 Plinium
920 4478 1025 4532 diserte
1043 4478 1142 4532 testari
1159 4477 1189 4531 in
1207 4493 1240 4530 eo
1259 4491 1368 4545 qnoque
1389 4474 1460 4528 mari
1478 4473 1553 4542 qnod
1570 4491 1620 4528 nos
1639 4491 1701 4542 sep-

363 4566 529 4622 tentrionale
547 4567 641 4622 dicere
658 4568 858 4636 consuevimus,
886 4566 1011 4621 sucinum
1029 4582 1090 4620 asse
1108 4566 1259 4634 inventum,
1277 4563 1314 4618 81.
1332 4565 1358 4632 4,
1368 4563 1402 4618 97
1425 4561 1474 4616 ubi
1498 4563 1572 4617 inter
1595 4563 1702 4616 insulas

364 4672 428 4712 orae
447 4657 610 4714 Germaniae
627 4658 818 4726 praeiacentes
836 4660 928 4711 exstat
951 4654 1100 4712 Glaesaria
1116 4671 1136 4710 a
1153 4654 1250 4709 118188
1267 4652 1385 4709 militiae
1407 4651 1553 4723 appellata.
1590 4652 1616 4706 si
1632 4667 1704 4706 vero

362 4745 465 4800 milites
483 4744 603 4800 Romani
621 4746 727 4801 insulae
745 4747 855 4802 cuidam
881 4747 1011 4800 sencino
1034 4761 1134 4800 nomon
1152 4743 1322 4810 indiderunt,
1350 4742 1380 4796 id
1407 4742 1447 4797 ibi
1473 4746 1614 4812 repertum
1640 4758 1700 4798 esse

362 4833 461 4889 elucet.
502 4834 537 4889 81.
564 4835 647 4889 etiam
672 4833 832 4890 Glaesariae
855 4835 961 4890 insulas
985 4834 1162 4889 Britannicae
1187 4835 1214 4902 4,
1238 4834 1290 4889 103
1313 4836 1343 4888 81
1366 4831 1405 4886 Η.
1429 4831 1570 4896 Bliimner,
1596 4829 1703 4899 Pauly-

362 4921 500 4978 Wissowa
516 4923 637 4980 111297.

470 5012 492 5083 ¹)
515 5012 685 5068 Veliocasses
705 5013 753 5083 qni
765 5013 891 5069 (lassaris
904 5015 997 5068 aetate
1009 5011 1083 5066 inter
1095 5011 1198 5080 Belgas
1210 5013 1390 5065 numerantur
1402 5009 1492 5080 (0888.
1505 5006 1578 5073 Gall,
1592 5007 1655 5072 14,
1669 5006 1703 5076 9)

361 5101 397 5156 ab
406 5101 536 5173 Augusto
544 5101 725 5172 Lugdunensi
737 5103 895 5172 provinciae
908 5101 1043 5171 adscripti
1055 5104 1128 5155 sunt.
1150 5100 1216 5154 hinc
1225 5098 1332 5154 Plinius
1344 5098 1379 5154 ed
1392 5096 1507 5152 eandem
1520 5111 1567 5150 eos
1580 5093 1703 5150 rettulit.
