4275 6025
1057 705 1099 769 78

410 917 495 982 inter
518 915 719 999 Magnesiam
747 922 780 983 et
810 915 1039 999 dissimulas,
1063 916 1111 981 ita
1137 915 1289 981 nimirum
1321 920 1360 981 ut
1390 916 1479 1001 prior
1508 917 1552 983 sd
1579 917 1745 999 Sciathon,

407 1024 449 1089 ad
472 1022 677 1107 Peparethon
699 1023 859 1106 posterior
881 1022 1052 1107 pertineat.

515 1129 629 1194 similis
653 1150 745 1195 error
766 1129 930 1195 invenitur
951 1133 983 1210 4,
997 1132 1050 1198 54.
1078 1149 1153 1194 nam
1181 1126 1270 1211 qnod
1295 1146 1315 1190 a
1336 1129 1426 1192 Poao
1449 1127 1644 1214 Cephallania
1660 1179 1668 1196 .
1685 1180 1692 1194 .
1708 1119 1745 1192 X

408 1235 472 1323 (vel
495 1223 572 1321 ῘΠ)
589 1260 627 1322 p.
650 1235 763 1301 abesse
786 1236 937 1318 traditur,
969 1234 1140 1301 manifesto
1162 1234 1282 1300 falsum
1305 1240 1364 1303 est.
1410 1256 1469 1301 nec
1496 1236 1602 1301 miuus
1632 1237 1666 1300 in
1697 1256 1747 1303 se·

408 1341 581 1427 quentibus
619 1349 787 1426 peccatum
820 1348 870 1407 est
907 1348 939 1421 4,
954 1346 994 1411 55
1027 1342 1066 1408 ab
1097 1361 1132 1404 eo
1164 1340 1362 1426 (Zacyntho)
1396 1339 1502 1404 Itlioeo
1535 1333 1610 1404 XV
1642 1344 1742 1407 distet.

407 1454 581 1530 utramque
603 1456 712 1512 autem
736 1468 920 1513 mensuram
943 1447 1025 1513 falso
1048 1446 1188 1513 relatam
1210 1467 1279 1512 esse
1301 1447 1496 1512 concesseris
1525 1454 1624 1532 atque
1654 1448 1744 1515 haud

408 1556 473 1619 seio
495 1575 537 1619 an
559 1554 649 1636 prior
672 1554 714 1618 ad
737 1552 902 1620 Leucaten
925 1557 1059 1636 spectet,
1088 1553 1248 1637 posterior
1278 1551 1401 1617 autad
1424 1572 1513 1618 oram
1536 1554 1744 1621 Acarnaniae

407 1660 530 1727 autad
554 1661 657 1744 ipsam
681 1659 843 1727 Leucada.
890 1659 1024 1726 confusa
1047 1666 1125 1725 sunt
1147 1660 1245 1725 etiam
1268 1660 1449 1745 sequentia:
1479 1660 1518 1723 ab
1540 1682 1576 1725 ea
1598 1660 1744 1749 (Ithaca)

406 1770 551 1832 Araaam
573 1768 770 1853 Peloponnesi
786 1767 1031 1851 promunturium
1046 1756 1129 1832 Π

514 1894 613 1958 porro
635 1875 668 1938 in
687 1872 901 1956 descriptione
917 1872 1056 1955 Bospori
1072 1870 1239 1937 Cimmerii
1261 1871 1402 1937 insulam
1425 1874 1589 1957 quandam
1603 1876 1743 1941 eximere

408 1980 525 2046 oblitus
549 1987 598 2045 est
612 1979 748 2045 Plinius.
795 1978 932 2063 legimus
955 1981 1038 2044 enim
1062 1985 1094 2061 4,
1107 1983 1150 2049 87
1173 1979 1308 2064 Bospori
1324 1977 1479 2044 Cimmerii
1501 1973 1749 2065 loapitudo’X'l‘I

407 2085 443 2151 D
465 2108 610 2171 passuum
620 2086 657 2168 ¹).
704 2088 819 2172 oppido
842 2086 927 2150 labet
944 2086 1131 2150 Hermisium
1150 2087 1350 2171 Myrmeciam
1372 2098 1400 2150 et
1420 2089 1500 2151 intus
1522 2089 1651 2151 insulem
1667 2088 1745 2152 Alo-

407 2215 507 2279 peaea.
552 2194 700 2259 similiter
723 2193 848 2259 insulae
871 2196 905 2259 in
929 2194 1038 2260 Histri
1060 2196 1144 2260 ostio
1167 2196 1249 2259 sitae
1275 2200 1314 2259 ut
1339 2216 1402 2278 par
1424 2195 1487 2261 fuit
1517 2196 1551 2259 in
1581 2195 1742 2278 periegesi

408 2299 629 2377 absolvuntur,
661 2321 681 2365 a
709 2321 774 2383 qua
805 2299 917 2365 divelli
947 2322 1012 2366 non
1041 2305 1194 2385 poterant
1228 2303 1258 2382 4,
1271 2302 1325 2379 79,
1357 2305 1467 2365 tamen
1499 2301 1533 2366 in
1564 2300 1745 2367 insularum

408 2427 537 2491 quoque
563 2405 778 2491 descriptione
802 2410 1080 2491 perstringuntur:
1112 2410 1145 2488 4,
1158 2408 1201 2476 93
1227 2407 1304 2469 inter
1325 2406 1401 2469 ostia
1420 2405 1522 2469 Histri
1543 2428 1619 2492 qaae
1640 2419 1747 2471 cessem

407 2515 548 2579 disicias.

517 2621 591 2687 dein
615 2626 645 2702 4,
660 2624 703 2690 83
727 2621 834 2686 insula
857 2619 999 2686 Achillis
1030 2626 1201 2686 tractatur.
1247 2620 1407 2703 repetitur
1437 2620 1549 2685 eadem
1572 2624 1604 2706 4,
1616 2621 1658 2689 93
1689 2619 1746 2684 ubi

408 2728 613 2793 iterationem
628 2726 755 2793 Plinius
771 2728 935 2794 indicavit.
974 2726 1153 2793 notandum
1177 2731 1227 2791 est
1249 2731 1358 2791 antem
1374 2725 1454 2808 qnid
1468 2726 1543 2791 novi
1565 2724 1618 2791 hic
1633 2724 1743 2792 addat.

408 2836 548 2919 primum
572 2836 635 2901 alio
655 2837 783 2901 nomina
798 2837 984 2921 appellatur
1008 2832 1169 2911 Achillea,
1194 2831 1229 2897 id
1252 2831 1339 2916 quod
1361 2832 1447 2898 alins
1468 2832 1568 2898 fontis
1590 2832 1745 2897 indicium

409 2946 469 3007 est.
523 2964 619 3027 quem
649 2943 805 3028 proximis
836 2942 944 3008 verbis
977 2946 1138 3008 tenemus:
1171 2943 1404 3024 μετονομασίαι
1437 2942 1523 3006 enim
1554 2945 1744 3025 sequuntur,

409 3069 491 3133 quas
513 3070 611 3133 supra
633 3071 664 3133 p.
683 3052 735 3118 28.
760 3050 802 3114 ad
826 3049 972 3114 libellum
995 3049 1072 3135 περὶ
1095 3045 1202 3135 νήσων,
1217 3048 1413 3115 rettulimus.
1460 3069 1517 3114 eae
1539 3049 1640 3132 igitur
1659 3056 1745 3133 post-

409 3154 504 3219 modo
524 3155 655 3219 additae
672 3162 755 3221 sunt.
796 3161 866 3222 tum
882 3177 922 3220 ex
938 3163 1123 3241 temporum
1139 3176 1270 3221 snorum
1287 3156 1561 3222 demonstratione
1576 3162 1745 3222 accuratas

408 3280 577 3324 mensuras
600 3259 724 3324 Plinius
748 3261 881 3344 profert.
928 3283 1010 3345 quas
1034 3262 1157 3327 alienas
1184 3283 1254 3327 esse
1276 3283 1297 3326 a
1319 3261 1408 3326 fonte
1430 3262 1586 3345 primario
1607 3262 1677 3345 ipse
1699 3263 1746 3325 in·

409 3363 507 3429 dicat.
546 3365 657 3447 itaque
680 3367 763 3432 hano
786 3388 914 3452 quoque
937 3368 1077 3433 insulam
1093 3367 1180 3452 apud
1195 3366 1284 3433 Plini
1302 3373 1468 3432 auctorem
1483 3368 1569 3432 inter
1583 3367 1746 3451 periplum

409 3475 643 3554 pertractatam
665 3471 765 3537 fuisse
789 3475 1003 3556 cognoscitur.

516 3597 613 3661 porro
637 3579 815 3645 insularum
839 3589 914 3646 ante
946 3579 1231 3665 septentrionalem
1256 3579 1392 3645 Africae
1414 3601 1504 3644 oram
1533 3579 1670 3644 sitarum
1693 3577 1748 3643 de·

410 3685 543 3768 scriptio
560 3690 589 3764 5,
603 3691 657 3756 41.
683 3693 724 3757 42
749 3690 944 3753 contrariam
967 3696 1067 3772 atque
1089 3687 1147 3753 illa
1169 3687 1316 3771 sequitur
1339 3688 1435 3752 viam.
1470 3686 1616 3751 conversi
1635 3690 1745 3751 autem

409 3793 531 3858 ordinis
554 3814 626 3859 oum
649 3814 690 3858 ne
713 3794 747 3858 in
770 3793 904 3858 Africae
928 3793 1058 3877 quidem
1081 3792 1297 3877 descriptione
1328 3791 1435 3858 desint
1460 3793 1607 3874 vestigia,
1638 3813 1678 3856 ex
1700 3793 1749 3857 in-

411 3901 490 3965 66116
518 3921 645 3985 quoque
669 3900 806 3966 eundem
836 3901 913 3966 licet
943 3898 1143 3965 confirmare.
1188 3898 1273 3963 idem
1304 3920 1379 3964 vero
1410 3897 1625 3976 observamus,
1658 3897 1746 3981 quod

409 4006 462 4071 hio
484 4005 552 4070 illie
573 4008 607 4070 in
631 4007 784 4090 Europae
806 4004 929 4070 insulis.
977 4025 1042 4068 nna
1065 4003 1215 4069 animab
1245 4025 1304 4069 ora
1335 4003 1533 4088 digressione
1565 4003 1747 4088 complures

408 4113 535 4177 insulae
558 4113 782 4178 absolvuntur:
813 4112 955 4191 Meninx,
980 4108 1126 4190 Oercina,
1152 4108 1333 4193 Cercinitis,
1355 4111 1540 4195 Lopadusa.
1587 4109 1747 4193 equibus

411 4216 567 4284 Cercinae
590 4227 676 4284 certe
700 4221 780 4284 situs
804 4218 1002 4284 commodius
1025 4239 1046 4282 a
1067 4216 1209 4284 Theonis
1231 4217 1393 4284 indicatus
1421 4224 1514 4284 esset.
1562 4217 1649 4302 quod
1671 4238 1748 4283 vero

410 4323 451 4388 de
474 4320 582 4388 Gaulo
611 4321 733 4389 Galata
763 4322 904 4408 Oossyra
934 4322 1112 4406 Lopadusa
1141 4329 1271 4407 praeter
1302 4323 1389 4389 hune
1419 4325 1523 4390 locum
1558 4326 1624 4390 iam
1659 4327 1690 4405 3,
1703 4327 1746 4394 92

410 4436 520 4495 actum
544 4435 602 4511 est,
627 4431 713 4496 infra
736 4430 958 4510 tractabimus,
984 4429 1104 4495 ubido
1127 4430 1285 4514 periegesi
1299 4429 1436 4496 Africae
1458 4431 1557 4496 verba
1579 4430 1746 4502 iaciemus.

517 4558 629 4602 earum
646 4558 776 4621 quoque
792 4560 876 4622 qnae
888 4539 1057 4604 Asiaticae
1073 4557 1149 4603 orae
1165 4539 1351 4622 praeiacent
1364 4537 1544 4603 insularum
1560 4538 1746 4622 descriptio-

412 4665 485 4710 nem
501 4665 523 4709 a
534 4642 641 4708 Plinio
657 4665 678 4709 a
692 4646 851 4729 periegesi
866 4645 1012 4710 avulsam
1028 4666 1098 4711 esse
1110 4645 1315 4729 perspicuum
1326 4650 1385 4712 est.
1408 4667 1483 4709 nam
1497 4645 1632 4711 Aradus
1641 4644 1748 4710 insula

411 4751 463 4816 bis
478 4759 761 4816 commemoratur:
785 4753 924 4835 primum
942 4754 976 4817 in
991 4752 1149 4835 periegesi
1166 4757 1197 4834 o,
1210 4755 1252 4821 78
1271 4751 1427 4814 Marathos
1446 4762 1604 4837 omnaque
1626 4751 1748 4813 Arados

410 4866 521 4942 septem
547 4858 711 4920 stadiorum
734 4857 883 4940 oppidani
905 4867 933 4919 et
954 4857 1052 4919 insula
1074 4858 1206 4920 doceatis
1227 4855 1364 4940 possidire
1387 4879 1407 4918 a
1428 4859 1592 4920 continente
1621 4857 1748 4925 dalens.

521 5086 542 5157 ¹)
560 5085 578 5140 1.
598 5087 651 5142 ’100
670 5085 739 5140 stad.
