4275 6025
982 735 1195 835 ,8-4-

421 956 464 1021 de
486 953 604 1019 Histro
638 949 726 1035 apud
748 948 881 1014 Histros
914 945 1066 1012 effluente
1101 945 1263 1011 sententia
1295 945 1329 1009 in
1353 943 1459 1009 Melae
1493 964 1623 1029 quoqne
1648 941 1761 1009 libello

424 1061 597 1127 iuvenitur.
643 1062 679 1123 at
700 1060 788 1122 recte
811 1052 948 1121 Carolus
971 1052 1170 1136 Wageuer¹)
1194 1049 1332 1135 Nepotis
1354 1071 1483 1136 quoque
1507 1050 1696 1116 memoriam
1719 1049 1761 1116 ab

420 1168 488 1235 alio
512 1164 652 1250 quodam
676 1167 807 1229 auctore
830 1160 973 1226 oblatam
996 1180 1064 1225 esse
1081 1159 1214 1224 censuit
1260 1157 1345 1222 idem
1360 1155 1437 1221 Mel.
1454 1159 1486 1232 3,
1499 1158 1551 1227 90.
1568 1159 1611 1225 45
1629 1161 1662 1221 et
1677 1156 1762 1223 Pliu.

424 1279 455 1353 2,
471 1276 546 1344 169.
564 1275 629 1341 170
651 1294 692 1336 ex
715 1290 779 1336 uuo
795 1268 883 1335 fonte
899 1267 1031 1333 fluxisse
1047 1266 1110 1332 sibi
1124 1266 1295 1351 persuasit.
1327 1265 1384 1329 sed
1400 1264 1479 1348 ipsis
1493 1264 1572 1331 locis
1588 1262 1762 1348 diligenter

426 1380 512 1445 inter
535 1402 569 1447 se
593 1379 788 1464 comparatis
805 1376 976 1443 vehemens
992 1380 1138 1440 movetur
1153 1372 1322 1453 dubitatio,
1347 1393 1424 1436 num
1444 1392 1484 1436 ex
1499 1371 1613 1437 eodem
1629 1378 1762 1437 auctora

423 1491 494 1551 tam
525 1485 652 1552 diversa
681 1483 849 1569 potuerint
878 1480 1025 1548 exscribi.
1072 1500 1200 1563 appono
1227 1477 1315 1542 locos
1337 1484 1375 1543 nt
1398 1498 1450 1542 res
1473 1477 1601 1560 planius
1623 1477 1762 1561 perspici

423 1594 538 1675 possit.

494 1715 580 1781 Plin.
603 1713 713 1796 2169
737 1720 769 1773 et
786 1708 918 1772 Hanno
939 1705 1067 1772 Cartba—
1189 1704 1277 1770 Mela
1300 1708 1331 1783 3,
1348 1708 1391 1774 90
1418 1716 1451 1769 et
1476 1704 1610 1768 Hanno
1635 1703 1763 1769 Cartba-

422 1822 504 1906 9iais
520 1820 656 1907 patentia
669 1817 798 1905 florente
813 1817 1068 1879 circumvectus
1121 1814 1263 1898 piaieasis
1291 1813 1479 1899 ecploratam
1510 1814 1618 1875 missas
1648 1834 1667 1874 a
1691 1814 1763 1884 sais,

427 1947 457 1995 a
472 1929 660 1995 Gadibus
676 1928 732 1992 ad
740 1928 871 2009 florem
890 1923 1068 1988 Arabiae
1123 1942 1189 1982 cam
1237 1941 1296 2004 per
1347 1920 1447 1982 οιιαιιι·
1495 1920 1601 1981 ostiam
1651 1921 1763 1991 cabod,

427 2034 648 2117 paripationern
664 2052 732 2096 carn
741 2029 880 2116 prodidit
894 2029 1003 2114 scripto
1016 2076 1023 2092 .
1038 2074 1067 2091 ..
1124 2040 1326 2107 maestam
1361 2034 1524 2107 partem
1566 2027 1659 2090 eius
1696 2026 1766 2087 cir·

423 2150 581 2226 praeterea
603 2136 725 2223 Nepos
742 2134 894 2201 Cornelius
911 2145 1014 2198 auctor
1030 2144 1071 2198 est
1125 2144 1335 2207 cameratas,
1364 2152 1451 2199 nota
1473 2151 1516 2198 se
1539 2135 1668 2212 mari,
1691 2134 1765 2197 aed

429 2244 619 2309 Eordaeam
635 2244 1071 2329 quendamsaaaetatecam
1127 2250 1357 2308 commeatu
1386 2242 1585 2319 defecisse
1614 2257 1766 2304 memo·

430 2351 635 2437 Lathyrum
657 2371 772 2435 reperta
789 2350 955 2437 saperet,
977 2349 1071 2411 Ara·
1125 2354 1226 2414 ratae
1262 2350 1493 2423 rettulerat,
1532 2356 1559 2410 et
1592 2343 1767 2408 Eudoses

430 2458 505 2522 bico
527 2459 608 2521 siaa
628 2478 807 2541 eprcssam
827 2454 944 2521 Gades
963 2475 1072 2540 acque
1126 2452 1767 2541 qnidamavoramrtostrommtcrnporibas

425 2574 631 2649 pervectum
655 2584 722 2646 eqs.
1127 2584 1203 2624 cam
1216 2558 1421 2644 Lathyrum
1436 2557 1769 2641 repemAleaandriae

1120 2668 1279 2753 saperet,
1307 2666 1466 2729 Arabico
1495 2665 1576 2726 siaa
1608 2685 1770 2748 opressus

1122 2796 1181 2860 per
1192 2772 1387 2856 docpetapae,
1401 2781 1434 2833 ut
1444 2769 1566 2856 Nepos
1577 2770 1768 2854 adfirmat,

1132 2877 1250 2942 Gades
1272 2900 1381 2964 usqae
1402 2889 1587 2962 pervectus
1609 2887 1657 2941 est.

541 3028 680 3114 genuina
709 3045 794 3110 quae
824 3022 913 3106 apud
935 3021 1056 3086 Melam
1080 3019 1121 3086 de
1145 3020 1317 3086 Hannonis
1339 3019 1544 3103 navigatione
1567 3024 1696 3084 servata
1719 3025 1770 3082 est

432 3137 599 3219 memoria,
624 3133 702 3218 quin
723 3130 826 3214 ipsius
849 3128 965 3194 merito
988 3150 1052 3194 uon
1075 3127 1242 3208 debeatur,
1267 3134 1361 3192 extra
1376 3127 1612 3192 dubitationem
1626 3126 1769 3210 positum

436 3249 494 3310 est.
538 3239 627 3326 apud
650 3238 790 3304 Plinium
814 3241 923 3301 autem
940 3236 1157 3300 recentiorum
1172 3233 1302 3300 fabulae
1318 3236 1520 3300 intraverunt
1535 3233 1772 3316 veritatemque

434 3351 639 3425 obtexerunt,
673 3344 824 3410 nimirum
859 3349 897 3407 ut
929 3343 1033 3426 magis
1063 3342 1232 3426 perspicue
1264 3342 1351 3426 quod
1380 3338 1668 3406 demonstrandum
1700 3345 1772 3406 erat

435 3460 618 3541 appareret.

546 3567 582 3627 at
603 3558 668 3626 alio
691 3557 761 3624 loco
785 3556 870 3624 Pliu.
888 3559 917 3638 6,
931 3560 997 3626 200
1019 3595 1063 3604 -
1087 3577 1127 3622 ex
1143 3554 1265 3622 Seboso
1286 3560 1326 3620 ut
1339 3554 1468 3620 videtur
1482 3555 1538 3639 qui
1553 3552 1774 3639 Xenophonte

438 3690 516 3736 usus
544 3673 594 3734 est
621 3664 828 3749 -genuina
854 3662 984 3730 exhibet
1011 3662 1051 3730 de
1074 3661 1297 3746 Gorgadibus:
1326 3662 1407 3725 hirta
1426 3662 1614 3747 feminarum
1640 3682 1774 3745 corpora

440 3780 520 3842 viros
538 3775 713 3862 pernicitate
727 3772 856 3836 decisa.
902 3770 1013 3836 eadem
1036 3770 1124 3855 apud
1139 3769 1260 3835 Melam
1283 3775 1314 3850 3,
1328 3772 1370 3838 93
1394 3768 1580 3834 adulterata
1601 3774 1690 3834 sunt:
1713 3767 1777 3833 siae

439 3887 515 3950 codar
538 3905 659 3946 maram
683 3901 738 3942 aaa
760 3888 861 3965 sponte
876 3877 1032 3962 fecundas.
1079 3876 1136 3942 ubi
1158 3882 1348 3957 nugatorem
1367 3875 1542 3942 Eudoxum
1565 3872 1777 3940 subaudimus

442 3990 494 4074 (cf.
519 3993 549 4072 3,
567 3992 610 4058 92
638 3999 708 4052 suat
743 3987 848 4072 quibus
884 3997 952 4050 ante
978 3987 1138 4050 advectam
1164 3983 1288 4047 Medeai
1309 4032 1316 4047 .
1338 4029 1377 4050 ..
1407 3985 1523 4068 ι’ριιοιιιι
1549 3983 1628 4066 ipati
1647 3980 1713 4067 suit
1734 3978 1777 4048 ci.

442 4098 527 4168 Plin.
553 4100 584 4175 6,
599 4098 686 4179 188).
722 4115 805 4179 quae
829 4114 902 4159 cum
924 4093 972 4158 ita
995 4093 1068 4174 siut,
1087 4091 1267 4158 necessario
1282 4092 1347 4155 iam
1362 4096 1438 4156 ante
1453 4089 1574 4155 Melam
1589 4089 1729 4173 genuina
1743 4094 1778 4153 et

443 4203 629 4269 adulterata
647 4200 816 4267 coniuncta
831 4197 929 4264 fuisse
945 4197 1117 4266 statuitur:
1133 4194 1262 4280 Nepote
1277 4196 1379 4278 igitur
1394 4203 1428 4260 et
1442 4194 1565 4262 Seboso
1581 4196 1649 4285 eius
1664 4199 1778 4261 auctor

443 4330 520 4376 usus
543 4314 623 4373 erat.

552 4433 613 4478 nec
635 4412 741 4480 minus
763 4411 945 4479 luculenter
968 4411 1068 4477 exeis
1084 4430 1168 4494 quae
1184 4407 1272 4493 apud
1287 4408 1430 4475 Plinium
1453 4407 1497 4474 ad
1520 4409 1629 4488 2,169
1653 4405 1781 4471 adnexa

446 4523 533 4596 sunt,
555 4523 685 4603 praeter
712 4521 935 4603 cognationem
962 4517 1133 4584 diversitas
1160 4517 1311 4582 cernitur.
1364 4537 1440 4581 nam
1474 4515 1620 4599 quamvis
1643 4512 1783 4597 Nepotis

446 4630 585 4708 uterquc
607 4625 801 4691 auctoritate
825 4623 910 4709 quod
934 4625 1038 4690 tradit
1060 4623 1246 4703 firmaverit,
1269 4623 1303 4688 in
1327 4644 1452 4688 summa
1473 4621 1644 4688 verborum
1671 4619 1783 4684 simili·

447 4729 560 4797 tudine
583 4751 683 4796 uuum
706 4735 814 4797 exstat
836 4729 1013 4797 diversum:
1037 4730 1125 4797 Mela
1148 4734 1178 4810 3,
1192 4735 1235 4799 45
1260 4729 1360 4797 Indos
1382 4750 1403 4794 a
1424 4749 1502 4813 rege
1516 4727 1676 4794 Botorum
1698 4726 1784 4793 dono

449 4838 543 4904 datos
566 4836 701 4903 Metello
724 4836 816 4920 dixit,
841 4837 927 4906 Pliu.
951 4840 982 4921 2,
997 4840 1061 4907 170
1084 4858 1105 4903 a
1126 4858 1202 4921 rege
1226 4835 1415 4905 Suevorum.
1460 4836 1514 4901 hic
1536 4840 1611 4900 uter
1643 4832 1785 4918 genuina

449 4944 634 5022 servaverit,
657 4964 722 5009 non
743 4947 869 5029 postest
891 4962 960 5008 esse
982 4940 1126 5012 dubium.
1173 4940 1250 5007 Boti
1272 4942 1323 5007 illi
1344 4942 1440 5027 plane
1467 4940 1572 5025 ignoti
1604 4944 1691 5019 suut,
1723 4938 1786 5006 uisi

560 5124 581 5195 ¹)
601 5121 636 5177 cf.
655 5135 737 5191 supra
753 5135 781 5190 p.
795 5118 837 5176 18.
