4275 6025
1067 725 1112 790 66

420 935 603 1022 metitur¹).
648 935 689 1004 de
711 933 885 1004 latitudine
914 954 979 1000 non
1005 932 1145 1018 ambigo.
1190 932 1249 1000 ssd
1277 933 1512 1018 longitudinem
1541 933 1638 1000 velim
1667 939 1760 1000 notes

422 1041 511 1130 apud
523 1041 707 1130 Agrippam
723 1040 828 1108 multo
843 1038 995 1106 maiorem
1012 1038 1149 1106 indicari
1164 1059 1263 1124 quam
1278 1039 1366 1124 apud
1382 1039 1467 1109 Plin.
1480 1042 1512 1121 3,
1522 1042 1575 1108 17.
1606 1060 1693 1123 qnae
1707 1061 1761 1106 rea

421 1149 554 1216 minime
576 1149 659 1216 mira
681 1155 740 1216 est.
787 1167 862 1214 nam
884 1146 1053 1230 usquead
1077 1144 1311 1228 Carthaginem
1332 1143 1413 1211 linea
1435 1145 1588 1212 Baeticae
1609 1148 1762 1232 Agrippa

423 1256 588 1343 produxit.
634 1257 700 1324 iarn
716 1252 885 1322 Citerioris
908 1273 1081 1320 mensurae
1103 1253 1247 1320 eiusdem
1270 1252 1333 1318 hae
1347 1257 1438 1318 sunt:
1462 1251 1565 1318 Divis.
1582 1256 1649 1322 500
1664 1253 1760 1338 (535)

422 1361 509 1448 long.
537 1365 604 1434 200
633 1362 729 1448 (183)
759 1361 818 1429 lat.
876 1361 929 1428 cui
963 1359 1161 1444 longitudini
1203 1360 1378 1444 opponitur
1420 1357 1572 1424 Pliniana
1611 1381 1761 1426 mensura

423 1471 455 1552 3,
468 1471 521 1542 29.
567 1489 651 1556 quae
674 1490 748 1536 cum
770 1489 874 1554 usque
897 1466 941 1534 ad
963 1465 1061 1532 finem
1084 1465 1266 1534 Castulonis
1289 1471 1409 1547 currat,
1437 1463 1565 1549 longior
1589 1470 1640 1532 est
1662 1487 1762 1550 quam

423 1575 603 1664 Agrippea,
640 1579 705 1650 607
739 1597 781 1642 m.
804 1595 836 1660 p.
871 1572 906 1640 id
937 1573 1023 1659 quod
1059 1574 1182 1658 optime
1215 1572 1430 1656 intellegitur:
1465 1570 1578 1638 debuit
1610 1573 1762 1657 Agrippa

422 1683 520 1752 huius
553 1683 736 1772 provinciae
771 1682 928 1748 minorem
962 1686 1150 1766 computare
1180 1678 1425 1762 longitudinem,
1461 1699 1534 1744 cum
1564 1699 1636 1744 eam
1665 1685 1762 1744 ancta

423 1790 561 1858 Baetica
583 1791 804 1872 angustiorem
826 1787 1057 1854 constituisset.
1103 1785 1179 1852 inde
1201 1783 1342 1850 efficitur
1364 1790 1402 1850 ut
1424 1804 1593 1851 mensurae
1615 1785 1761 1852 aPlinio

425 1899 455 1978 3,
470 1899 512 1968 29
537 1896 683 1982 prolatas
707 1895 749 1962 ab
773 1895 924 1980 Agrippa
947 1893 1073 1961 alienae
1096 1894 1171 1960 sint.

531 2007 632 2087 atque
653 2003 811 2070 hactenus
837 2001 877 2068 de
908 2001 1080 2066 mensuris:
1111 1999 1191 2066 fines
1220 1999 1447 2066 examinemus.
1494 2021 1532 2066 ac
1561 1999 1603 2065 de
1636 1999 1763 2065 diverso

427 2107 582 2176 Baeticae
606 2110 744 2176 termino
768 2109 833 2176 iam
856 2108 1047 2188 monuimus,
1072 2108 1151 2174 item
1167 2106 1207 2172 de
1223 2107 1390 2191 tripertita
1404 2106 1566 2191 Hispania
1580 2105 1761 2190 Agrippea.

429 2215 557 2282 Plinius
579 2221 689 2284 autem
713 2216 746 2282 in
770 2215 986 2300 descriptione
1009 2213 1179 2281 Baeticam
1202 2214 1289 2280 saltu
1312 2212 1540 2280 Castulonensi
1566 2213 1760 2281 terminavit.

425 2339 509 2408 quae
539 2321 623 2388 ratio
654 2319 744 2388 nullo
776 2319 913 2388 artificio
945 2318 988 2386 ad
1020 2319 1222 2404 Agrippeam
1253 2319 1488 2386 accommodari
1516 2325 1631 2404 potest.
1686 2342 1763 2386 nam

425 2428 546 2496 diserte
579 2427 707 2495 Plinius
742 2429 772 2509 3,
792 2431 832 2500 17
868 2425 1023 2494 Baeticae
1057 2425 1291 2510 longitudinem
1326 2448 1410 2510 quae
1445 2433 1494 2492 est
1527 2447 1547 2491 a
1578 2425 1763 2493 Castulonis

426 2534 537 2622 oppidi
559 2533 623 2602 fine
640 2531 755 2614 Gadis,
772 2533 956 2618 Agrippeae
972 2552 1141 2598 mensurae
1157 2534 1244 2612 3,16
1261 2533 1402 2617 opponit.
1438 2552 1498 2598 nec
1513 2532 1618 2596 minus
1633 2533 1764 2599 termini

426 2644 492 2720 3,6
515 2639 645 2727 prolati,
671 2639 830 2724 imprimis
852 2658 944 2704 mons
968 2635 1123 2716 Solorius,
1148 2636 1190 2703 ab
1213 2637 1376 2722 Agrippea
1398 2637 1554 2703 divisione
1576 2637 1762 2704 abhorrent.

425 2767 487 2816 nco
509 2751 597 2812 recte
620 2743 795 2812 Schwedsr
824 2763 855 2828 p.
880 2747 924 2814 50
947 2742 1157 2810 Partschium
1189 2749 1318 2809 secutus
1349 2743 1506 2810 conclusit
1527 2742 1671 2810 Plinium
1699 2749 1762 2820 3,6

427 2851 631 2920 Lusitaniam
655 2851 858 2934 Agrippeam
881 2847 1080 2931 intellegere.
1125 2847 1293 2914 Baeticam
1324 2856 1411 2914 certe
1441 2852 1510 2914 eius
1539 2867 1604 2913 non
1635 2844 1765 2928 accipit.

427 2981 466 3029 ac
489 2979 529 3025 ns
547 2960 709 3029 Asturum
734 2954 864 3041 quidem
887 2954 970 3039 iugis
986 2955 1243 3027 commemoratis
1263 2955 1296 3021 id
1312 2955 1391 3021 mihi
1407 2953 1537 3021 videtur
1550 2950 1765 3020 demonstrari

428 3065 516 3153 quod
545 3065 595 3131 illi
626 3062 811 3131 effecerunt.
867 3082 939 3127 nam
970 3060 1042 3127 ride
1074 3061 1156 3127 mihi
1182 3062 1341 3129 tabulam:
1373 3061 1580 3148 Carpentana
1601 3062 1679 3144 iuga
1700 3080 1765 3124 non

430 3171 608 3241 secundum
631 3169 785 3237 terminos
807 3167 1044 3253 provinciarum
1060 3167 1285 3250 extenduntur,
1310 3168 1367 3234 sed
1389 3167 1433 3233 ad
1447 3166 1713 3253 perpendicnlum
1727 3169 1765 3229 nt

428 3280 477 3347 ita
494 3278 599 3345 dicam
621 3276 756 3343 limitem
772 3279 931 3359 pungunt.
978 3292 1061 3359 quae
1077 3294 1150 3341 cum
1165 3274 1213 3339 ita
1227 3276 1303 3351 sint,
1326 3297 1390 3341 non
1406 3275 1498 3343 video
1513 3298 1573 3341 cnr
1587 3272 1765 3341 secundnm

428 3388 589 3452 Asturum
612 3384 690 3465 iuga
712 3381 869 3447 terminos
889 3382 1071 3447 cucurrisse
1086 3401 1281 3447 censeamus.
1327 3384 1446 3448 mirum
1460 3390 1570 3449 autem
1584 3383 1618 3447 in
1633 3380 1765 3447 modum

428 3514 449 3559 a
471 3511 506 3560 ae
528 3490 598 3575 ipse
613 3486 739 3555 Plinius
754 3484 934 3565 deiecisset,
958 3486 986 3551 si
1001 3484 1082 3553 fines
1097 3485 1241 3553 ciusdem
1255 3488 1439 3571 provinciae
1454 3491 1573 3573 partim
1588 3486 1765 3555 secundnm

428 3596 624 3683 Agrippam,
647 3594 767 3681 partim
790 3594 965 3661 secundum
984 3593 1086 3660 alium
1101 3593 1262 3677 quendam
1277 3599 1444 3660 auctorem
1457 3595 1641 3662 indicasset.
1678 3614 1764 3678 quae

428 3723 505 3771 uero
529 3700 617 3787 apud
640 3721 713 3767 eum
737 3705 867 3767 arsmnt
888 3700 1170 3767 contaminationis
1192 3700 1340 3784 exempla
1361 3738 1407 3749 —
1429 3700 1468 3766 de
1490 3701 1652 3766 nonnullis
1667 3722 1767 3785 snpra

428 3810 494 3877 iarn
517 3810 642 3895 egimus
663 3845 718 3897 -,
740 3828 779 3873 ea
801 3806 897 3891 plane
919 3806 1016 3873 aliter
1038 3813 1226 3891 comparata
1247 3814 1334 3874 sunt.

535 3914 698 3981 trifariam
720 3913 820 3999 igitur
842 3912 989 3999 Agrippa
1010 3913 1202 3997 Hispaniam
1224 3913 1351 3995 dividit,
1384 3919 1420 3979 at
1445 3913 1581 3994 Plinius,
1614 3913 1650 3979 id
1679 3912 1766 3998 quod

430 4020 601 4091 Sohwsder
623 4019 803 4087 rectissime
830 4018 940 4097 senmt,
973 4016 1016 4085 ab
1045 4019 1138 4085 initio
1169 4018 1358 4103 bipartitam
1380 4018 1578 4103 Hispaniam
1608 4018 1765 4100 agnoscit

429 4127 505 4195 nolo
536 4132 728 4209 momenta
754 4144 776 4191 a
801 4121 994 4191 Schwedero
1025 4146 1057 4209 p.
1085 4126 1130 4193 49
1159 4122 1290 4209 prolata
1320 4129 1482 4209 repetere:
1515 4145 1556 4189 cx
1586 4126 1653 4205 3,ss
1679 4123 1767 4190 clare

429 4232 626 4319 perspicitur
648 4233 682 4297 in
705 4234 787 4297 duas
809 4236 921 4315 partes
935 4238 1056 4296 terram
1079 4229 1122 4297 ab
1134 4232 1230 4297 initio
1244 4231 1355 4313 dividi,
1379 4252 1576 4316 quamquam
1590 4232 1768 4317 alterqno·

430 4358 494 4425 que
514 4336 602 4403 Plini
634 4345 749 4405 auctor
772 4336 824 4419 (cf.
848 4340 879 4419 3,
894 4338 950 4421 Π)
981 4336 1151 4403 Baeticam
1177 4359 1199 4403 a
1223 4337 1400 4404 Lusitania
1429 4358 1598 4423 separasse
1626 4336 1766 4405 ridetur.

430 4443 489 4511 sad
510 4442 756 4527 comprehendit
782 4466 837 4511 aas
868 4465 933 4509 uno
964 4446 1095 4511 nomine
1124 4445 1289 4511 ulterioris
1319 4445 1514 4530 provincias.
1568 4445 1616 4509 sic
1648 4444 1767 4510 iterum

430 4548 520 4637 apud
543 4549 686 4615 Plinium
710 4550 847 4616 duorum
870 4550 1050 4617 doctrinam
1074 4552 1277 4618 coniunctam
1297 4551 1488 4619 invenimus.

541 4652 682 4737 deniqne
705 4655 734 4721 si
756 4662 883 4721 certum
905 4662 990 4723 asset
1004 4657 1189 4741 Agrippam
1210 4676 1301 4721 mare
1321 4675 1388 4737 qno
1403 4654 1568 4739 Hispania
1587 4676 1612 4720 a
1631 4654 1768 4721 maridis

432 4760 579 4839 alluitur,
608 4758 840 4827 Celtibericum
870 4760 1061 4845 appellasse,
1088 4782 1154 4845 quo
1183 4760 1314 4827 nominc
1338 4759 1390 4825 bia
1411 4760 1518 4825 utitur
1537 4758 1675 4844 Divisio,
1705 4760 1768 4825 hoc

541 5010 566 5075 ¹)
583 5008 612 5063 in
630 5006 723 5077 priore
741 5020 857 5061 numero
873 5004 1156 5063 munerandam
1167 5005 1301 5065 memmi·
1312 5006 1396 5075 (631),
1412 5005 1444 5061 in
1455 5005 1546 5061 alteru
1557 5005 1618 5061 lara
1627 5006 1771 5062 comantit

432 5098 497 5173 (Ὧι
515 5114 552 5153 ru.
569 5113 598 5167 p.
616 5095 703 5165 iuiul
