<?xml version="1.0" encoding="UTF-8"?>
<!DOCTYPE html PUBLIC "-//W3C//DTD XHTML 1.0 Transitional//EN"
    "http://www.w3.org/TR/xhtml1/DTD/xhtml1-transitional.dtd">
<html xmlns="http://www.w3.org/1999/xhtml" xml:lang="en" lang="en">
 <head>
  <title>
</title>
<meta http-equiv="Content-Type" content="text/html;charset=utf-8" />
  <meta name='ocr-system' content='tesseract 3.04.00' />
  <meta name='ocr-capabilities' content='ocr_page ocr_carea ocr_par ocr_line ocrx_word'/>
</head>
<body>
  <div class='ocr_page' id='page_1' title='image "./quaestionesplin00klotgoog_0104.png"; bbox 0 0 4275 6025; ppageno 0'>
   <div class='ocr_carea' id='block_1_1' title="bbox 1059 716 1104 783">
    <p class='ocr_par' dir='ltr' id='par_1_1' title="bbox 1059 716 1104 783">
     <span class='ocr_line' id='line_1_1' title="bbox 1059 716 1104 783; baseline -0.044 0"><span class='ocrx_word' id='word_1_1' title='bbox 1059 716 1104 783; x_wconf 85' lang='lat'>94</span> 
     </span>
    </p>
   </div>
   <div class='ocr_carea' id='block_1_2' title="bbox 410 926 1752 2720">
    <p class='ocr_par' dir='ltr' id='par_1_2' title="bbox 410 926 1752 1868">
     <span class='ocr_line' id='line_1_2' title="bbox 411 926 1752 1013; baseline 0.002 -18"><span class='ocrx_word' id='word_1_2' title='bbox 411 928 522 1005; x_wconf 83' lang='grc'>3,104</span> <span class='ocrx_word' id='word_1_3' title='bbox 544 926 579 993; x_wconf 92' lang='lat' dir='ltr'>in</span> <span class='ocrx_word' id='word_1_4' title='bbox 606 927 732 1013; x_wconf 78' lang='lat' dir='ltr'>periplo</span> <span class='ocrx_word' id='word_1_5' title='bbox 762 933 796 994; x_wconf 89' lang='lat' dir='ltr'>et</span> <span class='ocrx_word' id='word_1_6' title='bbox 827 929 890 997; x_wconf 83' lang='grc'>105</span> <span class='ocrx_word' id='word_1_7' title='bbox 923 926 958 993; x_wconf 92' lang='lat' dir='ltr'>in</span> <span class='ocrx_word' id='word_1_8' title='bbox 987 926 1154 993; x_wconf 82' lang='lat' dir='ltr'>laterculis</span> <span class='ocrx_word' id='word_1_9' title='bbox 1184 931 1353 1012; x_wconf 74' lang='lat' dir='ltr'><strong>apparent.</strong></span> <span class='ocrx_word' id='word_1_10' title='bbox 1399 932 1470 993; x_wconf 89' lang='lat' dir='ltr'>tum</span> <span class='ocrx_word' id='word_1_11' title='bbox 1503 931 1533 1011; x_wconf 93' lang='lat'>3,</span> <span class='ocrx_word' id='word_1_12' title='bbox 1548 933 1592 1002; x_wconf 87' lang='grc'>62</span> <span class='ocrx_word' id='word_1_13' title='bbox 1621 930 1752 998; x_wconf 75' lang='lat' dir='ltr'>Plinius</span> 
     </span>
     <span class='ocr_line' id='line_1_3' title="bbox 410 1031 1751 1120; baseline 0.003 -20"><span class='ocrx_word' id='word_1_14' title='bbox 410 1031 586 1100; x_wconf 89' lang='lat' dir='ltr'>Nuceriam</span> <span class='ocrx_word' id='word_1_15' title='bbox 609 1054 650 1101; x_wconf 83' lang='lat' dir='ltr'>ex</span> <span class='ocrx_word' id='word_1_16' title='bbox 671 1034 829 1118; x_wconf 89' lang='lat' dir='ltr'>periegcsi</span> <span class='ocrx_word' id='word_1_17' title='bbox 856 1038 990 1117; x_wconf 78' lang='lat' dir='ltr'>notavit,</span> <span class='ocrx_word' id='word_1_18' title='bbox 1022 1032 1215 1100; x_wconf 83' lang='lat' dir='ltr'>Alfaternos</span> <span class='ocrx_word' id='word_1_19' title='bbox 1246 1033 1391 1100; x_wconf 87' lang='lat' dir='ltr'>eiusdem</span> <span class='ocrx_word' id='word_1_20' title='bbox 1413 1034 1525 1120; x_wconf 86' lang='lat' dir='ltr'><strong>oppidi</strong></span> <span class='ocrx_word' id='word_1_21' title='bbox 1556 1036 1679 1104; x_wconf 88' lang='lat' dir='ltr'>incolas</span> <span class='ocrx_word' id='word_1_22' title='bbox 1709 1058 1751 1105; x_wconf 85' lang='lat' dir='ltr'>ex</span> 
     </span>
     <span class='ocr_line' id='line_1_4' title="bbox 411 1138 1748 1230; baseline 0.007 -25"><span class='ocrx_word' id='word_1_23' title='bbox 411 1139 574 1224; x_wconf 86' lang='lat' dir='ltr'>Augusto,</span> <span class='ocrx_word' id='word_1_24' title='bbox 605 1140 693 1226; x_wconf 88' lang='lat' dir='ltr'>quod</span> <span class='ocrx_word' id='word_1_25' title='bbox 725 1160 842 1208; x_wconf 90' lang='lat' dir='ltr'>nomen</span> <span class='ocrx_word' id='word_1_26' title='bbox 873 1138 956 1207; x_wconf 83' lang='lat' dir='ltr'>falso</span> <span class='ocrx_word' id='word_1_27' title='bbox 986 1140 1028 1207; x_wconf 85' lang='lat' dir='ltr'>ad</span> <span class='ocrx_word' id='word_1_28' title='bbox 1051 1140 1308 1224; x_wconf 81' lang='lat' dir='ltr'>Aequiculorum</span> <span class='ocrx_word' id='word_1_29' title='bbox 1339 1146 1468 1225; x_wconf 87' lang='lat' dir='ltr'>gentem</span> <span class='ocrx_word' id='word_1_30' title='bbox 1498 1142 1599 1229; x_wconf 90' lang='lat' dir='ltr'>(Plin.</span> <span class='ocrx_word' id='word_1_31' title='bbox 1623 1144 1748 1230; x_wconf 93' lang='grc'>3,108)</span> 
     </span>
     <span class='ocr_line' id='line_1_5' title="bbox 410 1245 1752 1335; baseline 0.003 -22"><span class='ocrx_word' id='word_1_32' title='bbox 410 1245 539 1313; x_wconf 91' lang='lat' dir='ltr'>rettulit</span> <span class='ocrx_word' id='word_1_33' title='bbox 561 1246 757 1335; x_wconf 81' lang='lat' dir='ltr'>Hnelaen1).</span> <span class='ocrx_word' id='word_1_34' title='bbox 804 1267 879 1313; x_wconf 89' lang='lat' dir='ltr'>nam</span> <span class='ocrx_word' id='word_1_35' title='bbox 902 1252 936 1313; x_wconf 91' lang='lat' dir='ltr'>et</span> <span class='ocrx_word' id='word_1_36' title='bbox 957 1247 1135 1332; x_wconf 76' lang='lat' dir='ltr'>Aequiculi</span> <span class='ocrx_word' id='word_1_37' title='bbox 1166 1246 1209 1314; x_wconf 89' lang='lat' dir='ltr'>ad</span> <span class='ocrx_word' id='word_1_38' title='bbox 1232 1246 1285 1315; x_wconf 91' lang='lat' dir='ltr'>IV</span> <span class='ocrx_word' id='word_1_39' title='bbox 1307 1247 1468 1332; x_wconf 80' lang='lat' dir='ltr'>regionem</span> <span class='ocrx_word' id='word_1_40' title='bbox 1498 1251 1664 1333; x_wconf 81' lang='lat' dir='ltr'>pertinent</span> <span class='ocrx_word' id='word_1_41' title='bbox 1693 1272 1752 1317; x_wconf 90' lang='lat' dir='ltr'>ne-</span> 
     </span>
     <span class='ocr_line' id='line_1_6' title="bbox 411 1354 1750 1439; baseline 0.004 -19"><span class='ocrx_word' id='word_1_42' title='bbox 411 1375 475 1439; x_wconf 92' lang='lat' dir='ltr'>que</span> <span class='ocrx_word' id='word_1_43' title='bbox 497 1355 531 1421; x_wconf 89' lang='lat' dir='ltr'>in</span> <span class='ocrx_word' id='word_1_44' title='bbox 554 1355 611 1423; x_wconf 91' lang='lat' dir='ltr'>illo</span> <span class='ocrx_word' id='word_1_45' title='bbox 633 1354 740 1421; x_wconf 93' lang='lat' dir='ltr'>indice</span> <span class='ocrx_word' id='word_1_46' title='bbox 763 1357 794 1438; x_wconf 88' lang='lat'>3,</span> <span class='ocrx_word' id='word_1_47' title='bbox 808 1356 850 1424; x_wconf 86' lang='grc'>63</span> <span class='ocrx_word' id='word_1_48' title='bbox 875 1360 1105 1421; x_wconf 88' lang='lat' dir='ltr'>enumerantur</span> <span class='ocrx_word' id='word_1_49' title='bbox 1135 1354 1195 1421; x_wconf 93' lang='lat' dir='ltr'>ulli</span> <span class='ocrx_word' id='word_1_50' title='bbox 1217 1354 1328 1439; x_wconf 89' lang='lat' dir='ltr'>populi</span> <span class='ocrx_word' id='word_1_51' title='bbox 1358 1355 1415 1439; x_wconf 91' lang='lat' dir='ltr'>qui</span> <span class='ocrx_word' id='word_1_52' title='bbox 1444 1355 1646 1424; x_wconf 87' lang='lat' dir='ltr'>interierant</span> <span class='ocrx_word' id='word_1_53' title='bbox 1692 1359 1750 1425; x_wconf 87' lang='lat' dir='ltr'>sed</span> 
     </span>
     <span class='ocr_line' id='line_1_7' title="bbox 410 1460 1751 1551; baseline 0.004 -24"><span class='ocrx_word' id='word_1_54' title='bbox 410 1466 496 1527; x_wconf 91' lang='lat' dir='ltr'>recte</span> <span class='ocrx_word' id='word_1_55' title='bbox 518 1460 604 1527; x_wconf 91' lang='lat' dir='ltr'>idem</span> <span class='ocrx_word' id='word_1_56' title='bbox 627 1462 677 1527; x_wconf 88' lang='lat' dir='ltr'>vir</span> <span class='ocrx_word' id='word_1_57' title='bbox 700 1460 850 1545; x_wconf 61' lang='lat' dir='ltr'>docturi)</span> <span class='ocrx_word' id='word_1_58' title='bbox 873 1460 1018 1527; x_wconf 90' lang='lat' dir='ltr'>aPlinio</span> <span class='ocrx_word' id='word_1_59' title='bbox 1041 1464 1072 1543; x_wconf 85' lang='lat'>3,</span> <span class='ocrx_word' id='word_1_60' title='bbox 1086 1464 1128 1531; x_wconf 91' lang='grc'>73</span> <span class='ocrx_word' id='word_1_61' title='bbox 1151 1460 1270 1528; x_wconf 86' lang='lat' dir='ltr'>flumen</span> <span class='ocrx_word' id='word_1_62' title='bbox 1286 1460 1508 1529; x_wconf 74' lang='lat' dir='ltr'>Acherontem</span> <span class='ocrx_word' id='word_1_63' title='bbox 1534 1485 1608 1530; x_wconf 91' lang='lat' dir='ltr'>cum</span> <span class='ocrx_word' id='word_1_64' title='bbox 1630 1465 1751 1551; x_wconf 92' lang='lat' dir='ltr'>oppido</span> 
     </span>
     <span class='ocr_line' id='line_1_8' title="bbox 411 1566 1749 1638; baseline 0.004 -5"><span class='ocrx_word' id='word_1_65' title='bbox 411 1567 614 1635; x_wconf 80' lang='lat' dir='ltr'>Acherontis</span> <span class='ocrx_word' id='word_1_66' title='bbox 636 1566 757 1635; x_wconf 81' lang='lat' dir='ltr'>infelici</span> <span class='ocrx_word' id='word_1_67' title='bbox 780 1568 927 1633; x_wconf 77' lang='lat' dir='ltr'>acumine</span> <span class='ocrx_word' id='word_1_68' title='bbox 954 1568 1161 1634; x_wconf 90' lang='lat' dir='ltr'>coniunctum</span> <span class='ocrx_word' id='word_1_69' title='bbox 1191 1588 1259 1634; x_wconf 88' lang='lat' dir='ltr'>esse</span> <span class='ocrx_word' id='word_1_70' title='bbox 1290 1567 1424 1634; x_wconf 91' lang='lat' dir='ltr'>monuit.</span> <span class='ocrx_word' id='word_1_71' title='bbox 1470 1570 1607 1636; x_wconf 90' lang='lat' dir='ltr'>nominis</span> <span class='ocrx_word' id='word_1_72' title='bbox 1640 1577 1749 1638; x_wconf 91' lang='lat' dir='ltr'>autem</span> 
     </span>
     <span class='ocr_line' id='line_1_9' title="bbox 411 1673 1749 1758; baseline 0.003 -18"><span class='ocrx_word' id='word_1_73' title='bbox 411 1673 622 1741; x_wconf 82' lang='lat' dir='ltr'>similitudine</span> <span class='ocrx_word' id='word_1_74' title='bbox 643 1673 772 1740; x_wconf 76' lang='lat' dir='ltr'>Plinius</span> <span class='ocrx_word' id='word_1_75' title='bbox 793 1674 828 1740; x_wconf 92' lang='lat' dir='ltr'>in</span> <span class='ocrx_word' id='word_1_76' title='bbox 851 1694 992 1741; x_wconf 89' lang='lat' dir='ltr'>errorem</span> <span class='ocrx_word' id='word_1_77' title='bbox 1014 1674 1125 1739; x_wconf 89' lang='lat' dir='ltr'>induci</span> <span class='ocrx_word' id='word_1_78' title='bbox 1147 1674 1263 1758; x_wconf 91' lang='lat' dir='ltr'>potuit,</span> <span class='ocrx_word' id='word_1_79' title='bbox 1288 1674 1461 1758; x_wconf 91' lang='lat' dir='ltr'>Augustus</span> <span class='ocrx_word' id='word_1_80' title='bbox 1485 1676 1531 1741; x_wconf 89' lang='lat' dir='ltr'>sic</span> <span class='ocrx_word' id='word_1_81' title='bbox 1554 1696 1662 1743; x_wconf 89' lang='lat' dir='ltr'>errare</span> <span class='ocrx_word' id='word_1_82' title='bbox 1685 1699 1749 1744; x_wconf 89' lang='lat' dir='ltr'>non</span> 
     </span>
     <span class='ocr_line' id='line_1_10' title="bbox 411 1784 526 1868; baseline 0 -17"><span class='ocrx_word' id='word_1_83' title='bbox 411 1784 526 1868; x_wconf 85' lang='lat' dir='ltr'>potuit</span> 
     </span>
    </p>

    <p class='ocr_par' dir='ltr' id='par_1_3' title="bbox 410 1888 1752 2720">
     <span class='ocr_line' id='line_1_11' title="bbox 517 1888 1750 1975; baseline -0.001 -19"><span class='ocrx_word' id='word_1_84' title='bbox 517 1910 603 1975; x_wconf 88' lang='lat' dir='ltr'>quae</span> <span class='ocrx_word' id='word_1_85' title='bbox 625 1910 700 1956; x_wconf 92' lang='lat' dir='ltr'>cum</span> <span class='ocrx_word' id='word_1_86' title='bbox 721 1890 769 1956; x_wconf 92' lang='lat' dir='ltr'>ita</span> <span class='ocrx_word' id='word_1_87' title='bbox 792 1889 867 1970; x_wconf 83' lang='lat' dir='ltr'>sint,</span> <span class='ocrx_word' id='word_1_88' title='bbox 898 1909 1015 1973; x_wconf 89' lang='lat' dir='ltr'>parum</span> <span class='ocrx_word' id='word_1_89' title='bbox 1038 1908 1112 1954; x_wconf 90' lang='lat' dir='ltr'>mea</span> <span class='ocrx_word' id='word_1_90' title='bbox 1141 1888 1273 1973; x_wconf 92' lang='lat' dir='ltr'>quidem</span> <span class='ocrx_word' id='word_1_91' title='bbox 1303 1889 1465 1955; x_wconf 84' lang='lat' dir='ltr'>sententia</span> <span class='ocrx_word' id='word_1_92' title='bbox 1496 1888 1667 1954; x_wconf 86' lang='lat' dir='ltr'>verisimile</span> <span class='ocrx_word' id='word_1_93' title='bbox 1698 1894 1750 1955; x_wconf 86' lang='lat' dir='ltr'>eet</span> 
     </span>
     <span class='ocr_line' id='line_1_12' title="bbox 410 1992 1749 2080; baseline -0.001 -18"><span class='ocrx_word' id='word_1_94' title='bbox 410 1994 601 2080; x_wconf 86' lang='lat' dir='ltr'>Augustum</span> <span class='ocrx_word' id='word_1_95' title='bbox 633 1993 714 2062; x_wconf 91' lang='lat' dir='ltr'>fines</span> <span class='ocrx_word' id='word_1_96' title='bbox 747 1994 947 2080; x_wconf 87' lang='lat' dir='ltr'>singulorum</span> <span class='ocrx_word' id='word_1_97' title='bbox 981 1994 1172 2079; x_wconf 86' lang='lat' dir='ltr'>oppidorum</span> <span class='ocrx_word' id='word_1_98' title='bbox 1203 1994 1325 2078; x_wconf 87' lang='lat' dir='ltr'>partim</span> <span class='ocrx_word' id='word_1_99' title='bbox 1357 1992 1401 2059; x_wconf 85' lang='lat' dir='ltr'>ad</span> <span class='ocrx_word' id='word_1_100' title='bbox 1431 1992 1526 2075; x_wconf 86' lang='lat' dir='ltr'>hanc,</span> <span class='ocrx_word' id='word_1_101' title='bbox 1557 1995 1676 2080; x_wconf 86' lang='lat' dir='ltr'>partim</span> <span class='ocrx_word' id='word_1_102' title='bbox 1707 1995 1749 2061; x_wconf 89' lang='lat' dir='ltr'>ad</span> 
     </span>
     <span class='ocr_line' id='line_1_13' title="bbox 410 2099 1749 2189; baseline 0.001 -22"><span class='ocrx_word' id='word_1_103' title='bbox 410 2101 502 2167; x_wconf 88' lang='lat' dir='ltr'>illam</span> <span class='ocrx_word' id='word_1_104' title='bbox 534 2102 696 2184; x_wconf 79' lang='lat' dir='ltr'>regionem</span> <span class='ocrx_word' id='word_1_105' title='bbox 727 2099 926 2168; x_wconf 78' lang='lat' dir='ltr'>distraxisse.</span> <span class='ocrx_word' id='word_1_106' title='bbox 977 2099 1012 2166; x_wconf 95' lang='lat' dir='ltr'>id</span> <span class='ocrx_word' id='word_1_107' title='bbox 1043 2100 1131 2184; x_wconf 91' lang='lat' dir='ltr'>quod</span> <span class='ocrx_word' id='word_1_108' title='bbox 1163 2099 1259 2183; x_wconf 84' lang='lat' dir='ltr'>vulgo</span> <span class='ocrx_word' id='word_1_109' title='bbox 1289 2100 1365 2165; x_wconf 90' lang='lat' dir='ltr'>inde</span> <span class='ocrx_word' id='word_1_110' title='bbox 1394 2100 1590 2167; x_wconf 90' lang='lat' dir='ltr'>concludunt</span> <span class='ocrx_word' id='word_1_111' title='bbox 1598 2100 1626 2189; x_wconf 69' lang='grc'>8)</span> <span class='ocrx_word' id='word_1_112' title='bbox 1661 2101 1749 2185; x_wconf 93' lang='lat' dir='ltr'>quod</span> 
     </span>
     <span class='ocr_line' id='line_1_14' title="bbox 412 2206 1749 2293; baseline 0 -20"><span class='ocrx_word' id='word_1_113' title='bbox 412 2206 589 2274; x_wconf 75' lang='lat' dir='ltr'>Fidenates</span> <span class='ocrx_word' id='word_1_114' title='bbox 615 2208 799 2275; x_wconf 79' lang='lat' dir='ltr'>Ficolenses</span> <span class='ocrx_word' id='word_1_115' title='bbox 821 2207 1020 2275; x_wconf 82' lang='lat' dir='ltr'>Nomentani</span> <span class='ocrx_word' id='word_1_116' title='bbox 1043 2214 1078 2273; x_wconf 93' lang='lat' dir='ltr'>et</span> <span class='ocrx_word' id='word_1_117' title='bbox 1099 2208 1134 2272; x_wconf 90' lang='lat' dir='ltr'>in</span> <span class='ocrx_word' id='word_1_118' title='bbox 1155 2207 1262 2292; x_wconf 86' lang='lat' dir='ltr'>prima</span> <span class='ocrx_word' id='word_1_119' title='bbox 1284 2207 1414 2288; x_wconf 83' lang='lat' dir='ltr'>regione</span> <span class='ocrx_word' id='word_1_120' title='bbox 1437 2207 1482 2292; x_wconf 90' lang='lat'>(3,</span> <span class='ocrx_word' id='word_1_121' title='bbox 1494 2211 1547 2278; x_wconf 88' lang='grc'>64.</span> <span class='ocrx_word' id='word_1_122' title='bbox 1572 2211 1629 2293; x_wconf 89' lang='grc'>69)</span> <span class='ocrx_word' id='word_1_123' title='bbox 1652 2214 1686 2275; x_wconf 93' lang='lat' dir='ltr'>et</span> <span class='ocrx_word' id='word_1_124' title='bbox 1715 2210 1749 2274; x_wconf 90' lang='lat' dir='ltr'>in</span> 
     </span>
     <span class='ocr_line' id='line_1_15' title="bbox 412 2312 1749 2401; baseline -0.001 -20"><span class='ocrx_word' id='word_1_125' title='bbox 412 2320 530 2399; x_wconf 84' lang='lat' dir='ltr'>quarta</span> <span class='ocrx_word' id='word_1_126' title='bbox 545 2317 898 2401; x_wconf 85' lang='lat' dir='ltr'>commemorantur(3,</span> <span class='ocrx_word' id='word_1_127' title='bbox 913 2314 1001 2400; x_wconf 92' lang='grc'><strong>107).</strong></span> <span class='ocrx_word' id='word_1_128' title='bbox 1028 2314 1127 2380; x_wconf 91' lang='lat' dir='ltr'>immo</span> <span class='ocrx_word' id='word_1_129' title='bbox 1149 2312 1251 2379; x_wconf 91' lang='lat' dir='ltr'>multo</span> <span class='ocrx_word' id='word_1_130' title='bbox 1275 2313 1380 2397; x_wconf 86' lang='lat' dir='ltr'>magis</span> <span class='ocrx_word' id='word_1_131' title='bbox 1402 2312 1572 2397; x_wconf 79' lang='lat' dir='ltr'>probabile</span> <span class='ocrx_word' id='word_1_132' title='bbox 1604 2321 1663 2397; x_wconf 92' lang='lat' dir='ltr'>est,</span> <span class='ocrx_word' id='word_1_133' title='bbox 1694 2335 1749 2380; x_wconf 88' lang='lat' dir='ltr'>eos</span> 
     </span>
     <span class='ocr_line' id='line_1_16' title="bbox 412 2404 1752 2507; baseline -0.001 -18"><span class='ocrx_word' id='word_1_134' title='bbox 412 2422 455 2489; x_wconf 89' lang='lat' dir='ltr'>ab</span> <span class='ocrx_word' id='word_1_135' title='bbox 470 2421 624 2507; x_wconf 87' lang='lat' dir='ltr'>Augusto</span> <span class='ocrx_word' id='word_1_136' title='bbox 647 2428 785 2507; x_wconf 82' lang='lat' dir='ltr'>quartae</span> <span class='ocrx_word' id='word_1_137' title='bbox 806 2422 932 2506; x_wconf 90' lang='lat' dir='ltr'>regioni</span> <span class='ocrx_word' id='word_1_138' title='bbox 954 2421 1136 2506; x_wconf 89' lang='lat' dir='ltr'>adscriptos</span> <span class='ocrx_word' id='word_1_139' title='bbox 1159 2441 1237 2502; x_wconf 90' lang='lat' dir='ltr'>esse,</span> <span class='ocrx_word' id='word_1_140' title='bbox 1260 2420 1295 2486; x_wconf 94' lang='lat' dir='ltr'>in</span> <span class='ocrx_word' id='word_1_141' title='bbox 1317 2420 1422 2504; x_wconf 85' lang='lat' dir='ltr'>prima</span> <span class='ocrx_word' id='word_1_142' title='bbox 1444 2404 1575 2504; x_wconf 80' lang='lat' dir='ltr'>regione</span> <span class='ocrx_word' id='word_1_143' title='bbox 1594 2442 1633 2487; x_wconf 88' lang='lat' dir='ltr'>ex</span> <span class='ocrx_word' id='word_1_144' title='bbox 1648 2423 1752 2505; x_wconf 84' lang='lat' dir='ltr'>perie-</span> 
     </span>
     <span class='ocr_line' id='line_1_17' title="bbox 411 2526 1749 2613; baseline -0.002 -18"><span class='ocrx_word' id='word_1_145' title='bbox 411 2529 480 2613; x_wconf 88' lang='lat' dir='ltr'>gesi</span> <span class='ocrx_word' id='word_1_146' title='bbox 503 2529 743 2597; x_wconf 88' lang='lat' dir='ltr'>commemorari</span> <span class='ocrx_word' id='word_1_147' title='bbox 766 2529 832 2594; x_wconf 86' lang='lat' dir='ltr'>sive</span> <span class='ocrx_word' id='word_1_148' title='bbox 855 2528 1000 2595; x_wconf 88' lang='lat' dir='ltr'>invicem.</span> <span class='ocrx_word' id='word_1_149' title='bbox 1037 2529 1092 2594; x_wconf 89' lang='lat' dir='ltr'>cui</span> <span class='ocrx_word' id='word_1_150' title='bbox 1114 2527 1257 2612; x_wconf 92' lang='lat' dir='ltr'>opinioni</span> <span class='ocrx_word' id='word_1_151' title='bbox 1279 2526 1314 2592; x_wconf 93' lang='lat' dir='ltr'>id</span> <span class='ocrx_word' id='word_1_152' title='bbox 1337 2547 1465 2611; x_wconf 90' lang='lat' dir='ltr'>quoque</span> <span class='ocrx_word' id='word_1_153' title='bbox 1488 2526 1597 2613; x_wconf 71' lang='lat' dir='ltr'>favere</span> <span class='ocrx_word' id='word_1_154' title='bbox 1619 2526 1749 2594; x_wconf 85' lang='lat' dir='ltr'>videtur</span> 
     </span>
     <span class='ocr_line' id='line_1_18' title="bbox 412 2633 1749 2720; baseline -0.001 -20"><span class='ocrx_word' id='word_1_155' title='bbox 412 2633 501 2719; x_wconf 93' lang='lat' dir='ltr'>quod</span> <span class='ocrx_word' id='word_1_156' title='bbox 524 2634 700 2702; x_wconf 86' lang='lat' dir='ltr'>Fidenates</span> <span class='ocrx_word' id='word_1_157' title='bbox 723 2637 754 2713; x_wconf 88' lang='grc'>3,</span> <span class='ocrx_word' id='word_1_158' title='bbox 768 2637 810 2705; x_wconf 88' lang='grc'>69</span> <span class='ocrx_word' id='word_1_159' title='bbox 834 2635 990 2701; x_wconf 86' lang='lat' dir='ltr'>intereos</span> <span class='ocrx_word' id='word_1_160' title='bbox 1010 2633 1207 2715; x_wconf 86' lang='lat' dir='ltr'>referuntur,</span> <span class='ocrx_word' id='word_1_161' title='bbox 1232 2634 1289 2719; x_wconf 92' lang='lat' dir='ltr'>qui</span> <span class='ocrx_word' id='word_1_162' title='bbox 1308 2634 1453 2720; x_wconf 71' lang='lat' dir='ltr'>swercin</span> <span class='ocrx_word' id='word_1_163' title='bbox 1476 2633 1579 2699; x_wconf 82' lang='lat' dir='ltr'>Latio.</span> <span class='ocrx_word' id='word_1_164' title='bbox 1624 2634 1749 2717; x_wconf 87' lang='lat' dir='ltr'>primae</span> 
     </span>
    </p>
   </div>
   <div class='ocr_carea' id='block_1_3' title="bbox 410 2741 1750 3041">
    <p class='ocr_par' dir='ltr' id='par_1_4' title="bbox 410 2741 1750 3041">
     <span class='ocr_line' id='line_1_19' title="bbox 411 2741 1748 2827; baseline 0.001 -21"><span class='ocrx_word' id='word_1_165' title='bbox 411 2746 521 2808; x_wconf 89' lang='lat' dir='ltr'>autem</span> <span class='ocrx_word' id='word_1_166' title='bbox 542 2741 683 2825; x_wconf 83' lang='lat' dir='ltr'>regionis</span> <span class='ocrx_word' id='word_1_167' title='bbox 706 2743 826 2827; x_wconf 90' lang='lat' dir='ltr'>oppida</span> <span class='ocrx_word' id='word_1_168' title='bbox 848 2763 912 2808; x_wconf 89' lang='lat' dir='ltr'>uon</span> <span class='ocrx_word' id='word_1_169' title='bbox 934 2743 1095 2824; x_wconf 87' lang='lat' dir='ltr'>integram</span> <span class='ocrx_word' id='word_1_170' title='bbox 1111 2741 1255 2826; x_wconf 83' lang='lat' dir='ltr'>Augusti</span> <span class='ocrx_word' id='word_1_171' title='bbox 1277 2742 1392 2808; x_wconf 89' lang='lat' dir='ltr'>seriem</span> <span class='ocrx_word' id='word_1_172' title='bbox 1414 2761 1495 2826; x_wconf 87' lang='lat' dir='ltr'>prae</span> <span class='ocrx_word' id='word_1_173' title='bbox 1517 2764 1552 2808; x_wconf 86' lang='lat' dir='ltr'>se</span> <span class='ocrx_word' id='word_1_174' title='bbox 1574 2742 1660 2808; x_wconf 86' lang='lat' dir='ltr'>ferre</span> <span class='ocrx_word' id='word_1_175' title='bbox 1683 2743 1748 2807; x_wconf 89' lang='lat' dir='ltr'>iam</span> 
     </span>
     <span class='ocr_line' id='line_1_20' title="bbox 410 2846 1750 2936; baseline -0.002 -21"><span class='ocrx_word' id='word_1_176' title='bbox 410 2868 510 2933; x_wconf 89' lang='lat' dir='ltr'>supra</span> <span class='ocrx_word' id='word_1_177' title='bbox 532 2849 784 2936; x_wconf 83' lang='lat' dir='ltr'>cognovimus⁴).</span> <span class='ocrx_word' id='word_1_178' title='bbox 831 2848 918 2935; x_wconf 92' lang='lat' dir='ltr'>quod</span> <span class='ocrx_word' id='word_1_179' title='bbox 939 2869 1016 2915; x_wconf 85' lang='lat' dir='ltr'>vero</span> <span class='ocrx_word' id='word_1_180' title='bbox 1036 2848 1224 2933; x_wconf 88' lang='lat' dir='ltr'>Angustum</span> <span class='ocrx_word' id='word_1_181' title='bbox 1246 2847 1440 2934; x_wconf 86' lang='lat' dir='ltr'>populorum</span> <span class='ocrx_word' id='word_1_182' title='bbox 1463 2846 1543 2913; x_wconf 90' lang='lat' dir='ltr'>fines</span> <span class='ocrx_word' id='word_1_183' title='bbox 1566 2868 1630 2913; x_wconf 91' lang='lat' dir='ltr'>non</span> <span class='ocrx_word' id='word_1_184' title='bbox 1653 2848 1750 2914; x_wconf 83' lang='lat' dir='ltr'>anxie</span> 
     </span>
     <span class='ocr_line' id='line_1_21' title="bbox 410 2953 1749 3041; baseline -0.001 -19"><span class='ocrx_word' id='word_1_185' title='bbox 410 2953 599 3023; x_wconf 82' lang='lat' dir='ltr'>observasse</span> <span class='ocrx_word' id='word_1_186' title='bbox 621 2956 655 3022; x_wconf 93' lang='lat' dir='ltr'>in</span> <span class='ocrx_word' id='word_1_187' title='bbox 681 2956 838 3024; x_wconf 84' lang='lat' dir='ltr'>divisione</span> <span class='ocrx_word' id='word_1_188' title='bbox 864 2956 1029 3041; x_wconf 90' lang='lat' dir='ltr'>regionum</span> <span class='ocrx_word' id='word_1_189' title='bbox 1058 2955 1269 3034; x_wconf 91' lang='lat' dir='ltr'>contendunt,</span> <span class='ocrx_word' id='word_1_190' title='bbox 1302 2956 1364 3022; x_wconf 93' lang='lat' dir='ltr'>hoc</span> <span class='ocrx_word' id='word_1_191' title='bbox 1393 2953 1604 3022; x_wconf 88' lang='lat' dir='ltr'>fundamento</span> <span class='ocrx_word' id='word_1_192' title='bbox 1633 2975 1749 3041; x_wconf 84' lang='lat' dir='ltr'>parum</span> 
     </span>
    </p>
   </div>
   <div class='ocr_carea' id='block_1_4' title="bbox 409 3061 1749 4537">
    <p class='ocr_par' dir='ltr' id='par_1_5' title="bbox 409 3061 1749 4208">
     <span class='ocr_line' id='line_1_22' title="bbox 410 3061 1748 3147; baseline 0 -19"><span class='ocrx_word' id='word_1_193' title='bbox 410 3061 503 3128; x_wconf 89' lang='lat' dir='ltr'>firmo</span> <span class='ocrx_word' id='word_1_194' title='bbox 527 3063 652 3133; x_wconf 89' lang='lat' dir='ltr'>nititur.</span> <span class='ocrx_word' id='word_1_195' title='bbox 699 3084 774 3128; x_wconf 91' lang='lat' dir='ltr'>nam</span> <span class='ocrx_word' id='word_1_196' title='bbox 796 3063 979 3129; x_wconf 83' lang='lat' dir='ltr'>Frentenos</span> <span class='ocrx_word' id='word_1_197' title='bbox 1001 3083 1107 3146; x_wconf 89' lang='lat' dir='ltr'>usque</span> <span class='ocrx_word' id='word_1_198' title='bbox 1129 3061 1172 3128; x_wconf 90' lang='lat' dir='ltr'>ad</span> <span class='ocrx_word' id='word_1_199' title='bbox 1193 3062 1391 3128; x_wconf 90' lang='lat' dir='ltr'>Frentonem</span> <span class='ocrx_word' id='word_1_200' title='bbox 1414 3084 1541 3128; x_wconf 89' lang='lat' dir='ltr'>amnem</span> <span class='ocrx_word' id='word_1_201' title='bbox 1563 3061 1748 3147; x_wconf 87' lang='lat' dir='ltr'>producunt</span> 
     </span>
     <span class='ocr_line' id='line_1_23' title="bbox 409 3168 1749 3257; baseline 0 -23"><span class='ocrx_word' id='word_1_202' title='bbox 409 3173 544 3254; x_wconf 87' lang='lat' dir='ltr'>propter</span> <span class='ocrx_word' id='word_1_203' title='bbox 559 3168 662 3235; x_wconf 88' lang='lat' dir='ltr'>solum</span> <span class='ocrx_word' id='word_1_204' title='bbox 678 3170 747 3235; x_wconf 91' lang='lat' dir='ltr'>eius</span> <span class='ocrx_word' id='word_1_205' title='bbox 762 3169 922 3257; x_wconf 63' lang='lat' dir='ltr'>nomeni).</span> <span class='ocrx_word' id='word_1_206' title='bbox 948 3168 1079 3254; x_wconf 88' lang='lat' dir='ltr'>quodsi</span> <span class='ocrx_word' id='word_1_207' title='bbox 1102 3169 1218 3236; x_wconf 89' lang='lat' dir='ltr'>merito</span> <span class='ocrx_word' id='word_1_208' title='bbox 1233 3168 1335 3250; x_wconf 86' lang='lat' dir='ltr'>ficret,</span> <span class='ocrx_word' id='word_1_209' title='bbox 1359 3169 1517 3236; x_wconf 83' lang='lat' dir='ltr'>Frentani</span> <span class='ocrx_word' id='word_1_210' title='bbox 1533 3170 1576 3236; x_wconf 86' lang='lat' dir='ltr'>ab</span> <span class='ocrx_word' id='word_1_211' title='bbox 1593 3170 1749 3254; x_wconf 87' lang='lat' dir='ltr'>Augusto</span> 
     </span>
     <span class='ocr_line' id='line_1_24' title="bbox 410 3275 1747 3362; baseline 0.001 -21"><span class='ocrx_word' id='word_1_212' title='bbox 410 3275 532 3360; x_wconf 90' lang='lat' dir='ltr'>partim</span> <span class='ocrx_word' id='word_1_213' title='bbox 555 3277 679 3361; x_wconf 87' lang='lat' dir='ltr'>regioni</span> <span class='ocrx_word' id='word_1_214' title='bbox 703 3284 849 3361; x_wconf 84' lang='lat' dir='ltr'>quartae,</span> <span class='ocrx_word' id='word_1_215' title='bbox 872 3279 993 3362; x_wconf 86' lang='lat' dir='ltr'>partim</span> <span class='ocrx_word' id='word_1_216' title='bbox 1016 3277 1176 3344; x_wconf 89' lang='lat' dir='ltr'>secundae</span> <span class='ocrx_word' id='word_1_217' title='bbox 1198 3277 1382 3345; x_wconf 85' lang='lat' dir='ltr'>adtributos</span> <span class='ocrx_word' id='word_1_218' title='bbox 1404 3299 1474 3345; x_wconf 89' lang='lat' dir='ltr'>esse</span> <span class='ocrx_word' id='word_1_219' title='bbox 1497 3276 1747 3342; x_wconf 87' lang='lat' dir='ltr'>existimandum</span> 
     </span>
     <span class='ocr_line' id='line_1_25' title="bbox 412 3380 1749 3469; baseline -0.001 -22"><span class='ocrx_word' id='word_1_220' title='bbox 412 3380 505 3448; x_wconf 83' lang='lat' dir='ltr'>foret.</span> <span class='ocrx_word' id='word_1_221' title='bbox 528 3387 563 3446; x_wconf 90' lang='lat' dir='ltr'>at</span> <span class='ocrx_word' id='word_1_222' title='bbox 577 3380 655 3447; x_wconf 75' lang='lat' dir='ltr'>fluvi</span> <span class='ocrx_word' id='word_1_223' title='bbox 667 3382 754 3450; x_wconf 88' lang='lat' dir='ltr'>illius</span> <span class='ocrx_word' id='word_1_224' title='bbox 767 3405 881 3450; x_wconf 84' lang='lat' dir='ltr'>nomen</span> <span class='ocrx_word' id='word_1_225' title='bbox 897 3405 962 3469; x_wconf 92' lang='lat' dir='ltr'>quo</span> <span class='ocrx_word' id='word_1_226' title='bbox 977 3404 1050 3451; x_wconf 91' lang='lat' dir='ltr'>cum</span> <span class='ocrx_word' id='word_1_227' title='bbox 1063 3384 1239 3450; x_wconf 85' lang='lat' dir='ltr'>Frentanis</span> <span class='ocrx_word' id='word_1_228' title='bbox 1254 3384 1468 3468; x_wconf 89' lang='lat' dir='ltr'>coniungitur,</span> <span class='ocrx_word' id='word_1_229' title='bbox 1485 3404 1549 3448; x_wconf 90' lang='lat' dir='ltr'>non</span> <span class='ocrx_word' id='word_1_230' title='bbox 1564 3383 1644 3448; x_wconf 87' lang='lat' dir='ltr'>satis</span> <span class='ocrx_word' id='word_1_231' title='bbox 1660 3387 1749 3448; x_wconf 89' lang='lat' dir='ltr'>certo</span> 
     </span>
     <span class='ocr_line' id='line_1_26' title="bbox 412 3486 1748 3576; baseline -0.001 -22"><span class='ocrx_word' id='word_1_232' title='bbox 412 3486 571 3554; x_wconf 87' lang='lat' dir='ltr'>traditum</span> <span class='ocrx_word' id='word_1_233' title='bbox 586 3493 646 3555; x_wconf 91' lang='lat' dir='ltr'>est.</span> <span class='ocrx_word' id='word_1_234' title='bbox 670 3489 867 3575; x_wconf 87' lang='lat' dir='ltr'>vulgabatur</span> <span class='ocrx_word' id='word_1_235' title='bbox 883 3492 968 3557; x_wconf 92' lang='lat' dir='ltr'>enim</span> <span class='ocrx_word' id='word_1_236' title='bbox 983 3490 1071 3576; x_wconf 87' lang='lat' dir='ltr'>apud</span> <span class='ocrx_word' id='word_1_237' title='bbox 1083 3488 1226 3557; x_wconf 90' lang='lat' dir='ltr'>Plinium</span> <span class='ocrx_word' id='word_1_238' title='bbox 1239 3493 1270 3568; x_wconf 89' lang='lat'>3,</span> <span class='ocrx_word' id='word_1_239' title='bbox 1283 3494 1345 3560; x_wconf 88' lang='lat'>103</span> <span class='ocrx_word' id='word_1_240' title='bbox 1362 3512 1439 3556; x_wconf 86' lang='lat' dir='ltr'>sane</span> <span class='ocrx_word' id='word_1_241' title='bbox 1451 3491 1566 3574; x_wconf 74' lang='lat' dir='ltr'>flumen</span> <span class='ocrx_word' id='word_1_242' title='bbox 1575 3501 1748 3576; x_wconf 72' lang='lat' dir='ltr'>portaerem</span> 
     </span>
     <span class='ocr_line' id='line_1_27' title="bbox 411 3593 1748 3682; baseline 0.001 -22"><span class='ocrx_word' id='word_1_243' title='bbox 411 3593 533 3660; x_wconf 62' lang='lat' dir='ltr'>Aac.</span> <span class='ocrx_word' id='word_1_244' title='bbox 584 3617 783 3681; x_wconf 89' lang='lat' dir='ltr'>quamquam</span> <span class='ocrx_word' id='word_1_245' title='bbox 813 3598 879 3664; x_wconf 90' lang='lat' dir='ltr'>iam</span> <span class='ocrx_word' id='word_1_246' title='bbox 910 3595 1055 3679; x_wconf 85' lang='lat' dir='ltr'>Silligius</span> <span class='ocrx_word' id='word_1_247' title='bbox 1087 3617 1162 3663; x_wconf 91' lang='lat' dir='ltr'>cum</span> <span class='ocrx_word' id='word_1_248' title='bbox 1188 3595 1338 3662; x_wconf 84' lang='lat' dir='ltr'>meliores</span> <span class='ocrx_word' id='word_1_249' title='bbox 1368 3596 1501 3682; x_wconf 85' lang='lat' dir='ltr'>quidam</span> <span class='ocrx_word' id='word_1_250' title='bbox 1530 3595 1657 3662; x_wconf 89' lang='lat' dir='ltr'>codices</span> <span class='ocrx_word' id='word_1_251' title='bbox 1687 3615 1748 3679; x_wconf 89' lang='lat' dir='ltr'>pro</span> 
     </span>
     <span class='ocr_line' id='line_1_28' title="bbox 410 3700 1749 3790; baseline -0.001 -23"><span class='ocrx_word' id='word_1_252' title='bbox 410 3700 468 3768; x_wconf 93' lang='lat' dir='ltr'>illo</span> <span class='ocrx_word' id='word_1_253' title='bbox 490 3703 619 3768; x_wconf 90' lang='lat' dir='ltr'>nomine</span> <span class='ocrx_word' id='word_1_254' title='bbox 634 3701 735 3787; x_wconf 68' lang='lat' dir='ltr'>fertio</span> <span class='ocrx_word' id='word_1_255' title='bbox 763 3704 815 3770; x_wconf 86' lang='lat' dir='ltr'>vel</span> <span class='ocrx_word' id='word_1_256' title='bbox 837 3703 891 3790; x_wconf 80' lang='lat' dir='ltr'>scr</span> <span class='ocrx_word' id='word_1_257' title='bbox 920 3703 1119 3784; x_wconf 87' lang='lat' dir='ltr'>exhiberent,</span> <span class='ocrx_word' id='word_1_258' title='bbox 1151 3705 1255 3771; x_wconf 89' lang='lat' dir='ltr'>accito</span> <span class='ocrx_word' id='word_1_259' title='bbox 1285 3704 1440 3770; x_wconf 89' lang='lat' dir='ltr'>hodierno</span> <span class='ocrx_word' id='word_1_260' title='bbox 1471 3704 1599 3769; x_wconf 92' lang='lat' dir='ltr'>nomine</span> <span class='ocrx_word' id='word_1_261' title='bbox 1622 3702 1749 3766; x_wconf 70' lang='lat' dir='ltr'>Fortem</span> 
     </span>
     <span class='ocr_line' id='line_1_29' title="bbox 410 3807 1748 3896; baseline 0 -24"><span class='ocrx_word' id='word_1_262' title='bbox 410 3807 519 3873; x_wconf 82' lang='lat' dir='ltr'>Fertor</span> <span class='ocrx_word' id='word_1_263' title='bbox 547 3809 785 3876; x_wconf 88' lang='lat' dir='ltr'>restituendum</span> <span class='ocrx_word' id='word_1_264' title='bbox 815 3811 906 3891; x_wconf 85' lang='lat' dir='ltr'>vidit,</span> <span class='ocrx_word' id='word_1_265' title='bbox 940 3831 1039 3896; x_wconf 87' lang='lat' dir='ltr'>qnam</span> <span class='ocrx_word' id='word_1_266' title='bbox 1068 3809 1204 3876; x_wconf 84' lang='lat' dir='ltr'>formam</span> <span class='ocrx_word' id='word_1_267' title='bbox 1229 3809 1437 3876; x_wconf 84' lang='lat' dir='ltr'>Detlessenus</span> <span class='ocrx_word' id='word_1_268' title='bbox 1465 3809 1582 3875; x_wconf 90' lang='lat' dir='ltr'>merito</span> <span class='ocrx_word' id='word_1_269' title='bbox 1612 3809 1645 3874; x_wconf 93' lang='lat' dir='ltr'>in</span> <span class='ocrx_word' id='word_1_270' title='bbox 1675 3827 1748 3872; x_wconf 94' lang='lat' dir='ltr'>con·</span> 
     </span>
     <span class='ocr_line' id='line_1_30' title="bbox 410 3913 1749 4001; baseline -0.001 -21"><span class='ocrx_word' id='word_1_271' title='bbox 410 3919 537 3981; x_wconf 86' lang='lat' dir='ltr'>textum</span> <span class='ocrx_word' id='word_1_272' title='bbox 574 3915 706 4000; x_wconf 90' lang='lat' dir='ltr'>recepit.</span> <span class='ocrx_word' id='word_1_273' title='bbox 765 3938 869 4001; x_wconf 88' lang='lat' dir='ltr'>neque</span> <span class='ocrx_word' id='word_1_274' title='bbox 905 3917 1005 4000; x_wconf 86' lang='lat' dir='ltr'>igitur</span> <span class='ocrx_word' id='word_1_275' title='bbox 1038 3922 1090 3982; x_wconf 91' lang='lat' dir='ltr'>est</span> <span class='ocrx_word' id='word_1_276' title='bbox 1123 3915 1211 4000; x_wconf 92' lang='lat' dir='ltr'>quod</span> <span class='ocrx_word' id='word_1_277' title='bbox 1244 3915 1353 3982; x_wconf 89' lang='lat' dir='ltr'>Plinio</span> <span class='ocrx_word' id='word_1_278' title='bbox 1391 3913 1585 3996; x_wconf 86' lang='lat' dir='ltr'>diffidamus,</span> <span class='ocrx_word' id='word_1_279' title='bbox 1620 3934 1693 3979; x_wconf 91' lang='lat' dir='ltr'>cum</span> <span class='ocrx_word' id='word_1_280' title='bbox 1727 3935 1749 3978; x_wconf 89' lang='lat' dir='ltr'>a</span> 
     </span>
     <span class='ocr_line' id='line_1_31' title="bbox 411 4019 1748 4109; baseline -0.001 -21"><span class='ocrx_word' id='word_1_281' title='bbox 411 4019 545 4090; x_wconf 74' lang='lat' dir='ltr'>Tiferno</span> <span class='ocrx_word' id='word_1_282' title='bbox 575 4043 671 4090; x_wconf 87' lang='lat' dir='ltr'>amne</span> <span class='ocrx_word' id='word_1_283' title='bbox 694 4024 751 4108; x_wconf 91' lang='lat' dir='ltr'>qui</span> <span class='ocrx_word' id='word_1_284' title='bbox 774 4025 943 4109; x_wconf 88' lang='lat' dir='ltr'>regionum</span> <span class='ocrx_word' id='word_1_285' title='bbox 967 4023 1125 4090; x_wconf 89' lang='lat' dir='ltr'>terminus</span> <span class='ocrx_word' id='word_1_286' title='bbox 1155 4030 1215 4102; x_wconf 90' lang='lat' dir='ltr'>est,</span> <span class='ocrx_word' id='word_1_287' title='bbox 1240 4043 1331 4089; x_wconf 87' lang='lat' dir='ltr'>oram</span> <span class='ocrx_word' id='word_1_288' title='bbox 1354 4021 1594 4089; x_wconf 87' lang='lat' dir='ltr'>Frentanorum</span> <span class='ocrx_word' id='word_1_289' title='bbox 1615 4019 1748 4087; x_wconf 90' lang='lat' dir='ltr'>incohat</span> 
     </span>
     <span class='ocr_line' id='line_1_32' title="bbox 411 4131 534 4208; baseline 0.008 -11"><span class='ocrx_word' id='word_1_290' title='bbox 411 4131 534 4208; x_wconf 66' lang='lat'>3106.</span> 
     </span>
    </p>

    <p class='ocr_par' dir='ltr' id='par_1_6' title="bbox 410 4232 1748 4537">
     <span class='ocr_line' id='line_1_33' title="bbox 518 4232 1748 4323; baseline -0.002 -22"><span class='ocrx_word' id='word_1_291' title='bbox 518 4242 618 4320; x_wconf 89' lang='lat' dir='ltr'>atque</span> <span class='ocrx_word' id='word_1_292' title='bbox 640 4235 702 4304; x_wconf 89' lang='lat' dir='ltr'>hae</span> <span class='ocrx_word' id='word_1_293' title='bbox 725 4238 857 4323; x_wconf 89' lang='lat' dir='ltr'>quidem</span> <span class='ocrx_word' id='word_1_294' title='bbox 883 4238 1073 4304; x_wconf 88' lang='lat' dir='ltr'>iterationes</span> <span class='ocrx_word' id='word_1_295' title='bbox 1102 4237 1136 4303; x_wconf 95' lang='lat' dir='ltr'>in</span> <span class='ocrx_word' id='word_1_296' title='bbox 1159 4234 1272 4304; x_wconf 85' lang='lat' dir='ltr'>ltalia:</span> <span class='ocrx_word' id='word_1_297' title='bbox 1299 4239 1333 4304; x_wconf 91' lang='lat' dir='ltr'>in</span> <span class='ocrx_word' id='word_1_298' title='bbox 1356 4237 1503 4303; x_wconf 89' lang='lat' dir='ltr'>Histriae</span> <span class='ocrx_word' id='word_1_299' title='bbox 1533 4232 1748 4319; x_wconf 87' lang='lat' dir='ltr'>descriptione</span> 
     </span>
     <span class='ocr_line' id='line_1_34' title="bbox 410 4336 1748 4426; baseline -0.001 -20"><span class='ocrx_word' id='word_1_300' title='bbox 410 4336 561 4408; x_wconf 87' lang='lat' dir='ltr'>Flanona</span> <span class='ocrx_word' id='word_1_301' title='bbox 588 4349 859 4412; x_wconf 88' lang='lat' dir='ltr'>commemoratur</span> <span class='ocrx_word' id='word_1_302' title='bbox 881 4348 998 4426; x_wconf 88' lang='grc'>3,140,</span> <span class='ocrx_word' id='word_1_303' title='bbox 1030 4344 1117 4409; x_wconf 90' lang='lat' dir='ltr'>inter</span> <span class='ocrx_word' id='word_1_304' title='bbox 1138 4344 1311 4426; x_wconf 83' lang='lat' dir='ltr'>Augustca</span> <span class='ocrx_word' id='word_1_305' title='bbox 1339 4345 1404 4410; x_wconf 90' lang='lat' dir='ltr'>iam</span> <span class='ocrx_word' id='word_1_306' title='bbox 1426 4344 1535 4422; x_wconf 91' lang='grc'><strong>3,139</strong></span> <span class='ocrx_word' id='word_1_307' title='bbox 1567 4340 1748 4406; x_wconf 89' lang='lat' dir='ltr'>enumerati</span> 
     </span>
     <span class='ocr_line' id='line_1_35' title="bbox 410 4445 1748 4537; baseline 0.001 -26"><span class='ocrx_word' id='word_1_308' title='bbox 410 4451 490 4512; x_wconf 86' lang='lat' dir='ltr'>sunt</span> <span class='ocrx_word' id='word_1_309' title='bbox 504 4445 674 4537; x_wconf 87' lang='lat' dir='ltr'>Flanates;</span> <span class='ocrx_word' id='word_1_310' title='bbox 697 4450 731 4515; x_wconf 94' lang='lat' dir='ltr'>in</span> <span class='ocrx_word' id='word_1_311' title='bbox 746 4448 940 4517; x_wconf 88' lang='lat' dir='ltr'>Macedonia</span> <span class='ocrx_word' id='word_1_312' title='bbox 954 4449 1124 4515; x_wconf 88' lang='lat' dir='ltr'>Arethusa</span> <span class='ocrx_word' id='word_1_313' title='bbox 1146 4451 1180 4515; x_wconf 91' lang='lat' dir='ltr'>in</span> <span class='ocrx_word' id='word_1_314' title='bbox 1201 4451 1361 4535; x_wconf 88' lang='lat' dir='ltr'>periegesi</span> <span class='ocrx_word' id='word_1_315' title='bbox 1384 4454 1492 4515; x_wconf 84' lang='lat' dir='ltr'>exstat</span> <span class='ocrx_word' id='word_1_316' title='bbox 1513 4453 1543 4525; x_wconf 88' lang='grc'>4,</span> <span class='ocrx_word' id='word_1_317' title='bbox 1554 4450 1608 4528; x_wconf 88' lang='grc'>38,</span> <span class='ocrx_word' id='word_1_318' title='bbox 1631 4455 1667 4514; x_wconf 86' lang='lat' dir='ltr'>at</span> <span class='ocrx_word' id='word_1_319' title='bbox 1681 4449 1748 4513; x_wconf 89' lang='lat' dir='ltr'>iam</span> 
     </span>
    </p>
   </div>
   <div class='ocr_carea' id='block_1_5' title="bbox 521 4656 1211 4821">
    <p class='ocr_par' dir='ltr' id='par_1_7' title="bbox 521 4656 1211 4821">
     <span class='ocr_line' id='line_1_36' title="bbox 521 4656 886 4731; baseline 0.003 -17"><span class='ocrx_word' id='word_1_320' title='bbox 521 4659 540 4727; x_wconf 88' lang='lat'>¹)</span> <span class='ocrx_word' id='word_1_321' title='bbox 560 4656 754 4731; x_wconf 76' lang='lat' dir='ltr'>Pauly-Wss.</span> <span class='ocrx_word' id='word_1_322' title='bbox 773 4661 789 4716; x_wconf 97' lang='lat' dir='ltr'>I</span> <span class='ocrx_word' id='word_1_323' title='bbox 808 4661 886 4717; x_wconf 87' lang='grc'><strong>1471.</strong></span> 
     </span>
     <span class='ocr_line' id='line_1_37' title="bbox 521 4746 1211 4821; baseline 0.01 -20"><span class='ocrx_word' id='word_1_324' title='bbox 521 4748 542 4818; x_wconf 77' lang='lat'>²)</span> <span class='ocrx_word' id='word_1_325' title='bbox 561 4746 628 4804; x_wconf 91' lang='lat' dir='ltr'>ibid.</span> <span class='ocrx_word' id='word_1_326' title='bbox 647 4747 733 4806; x_wconf 82' lang='lat'>1218</span> <span class='ocrx_word' id='word_1_327' title='bbox 752 4749 787 4808; x_wconf 82' lang='lat' dir='ltr'>ci.</span> <span class='ocrx_word' id='word_1_328' title='bbox 801 4749 955 4804; x_wconf 84' lang='lat' dir='ltr'>Mommsen</span> <span class='ocrx_word' id='word_1_329' title='bbox 969 4749 1040 4806; x_wconf 63' lang='lat'>0112.</span> <span class='ocrx_word' id='word_1_330' title='bbox 1059 4751 1103 4806; x_wconf 85' lang='lat' dir='ltr'>1x</span> <span class='ocrx_word' id='word_1_331' title='bbox 1121 4767 1148 4821; x_wconf 91' lang='lat' dir='ltr'>p.</span> <span class='ocrx_word' id='word_1_332' title='bbox 1167 4752 1211 4808; x_wconf 86' lang='grc'>43.</span> 
     </span>
    </p>
   </div>
   <div class='ocr_carea' id='block_1_6' title="bbox 520 4831 1747 4997">
    <p class='ocr_par' dir='ltr' id='par_1_8' title="bbox 520 4831 1747 4997">
     <span class='ocr_line' id='line_1_38' title="bbox 521 4831 1537 4909; baseline 0.003 -20"><span class='ocrx_word' id='word_1_333' title='bbox 521 4836 541 4908; x_wconf 79' lang='lat'>⁸)</span> <span class='ocrx_word' id='word_1_334' title='bbox 561 4836 598 4890; x_wconf 82' lang='lat' dir='ltr'>cf.</span> <span class='ocrx_word' id='word_1_335' title='bbox 617 4838 701 4892; x_wconf 91' lang='lat' dir='ltr'>etiam</span> <span class='ocrx_word' id='word_1_336' title='bbox 720 4838 828 4905; x_wconf 88' lang='lat' dir='ltr'>Nissen,</span> <span class='ocrx_word' id='word_1_337' title='bbox 847 4831 978 4897; x_wconf 80' lang='lat' dir='ltr'>Italiscdc</span> <span class='ocrx_word' id='word_1_338' title='bbox 995 4839 1194 4897; x_wconf 75' lang='lat' dir='ltr'>Laodcaleuode</span> <span class='ocrx_word' id='word_1_339' title='bbox 1212 4839 1243 4895; x_wconf 95' lang='lat' dir='ltr'>II</span> <span class='ocrx_word' id='word_1_340' title='bbox 1262 4841 1332 4896; x_wconf 85' lang='grc'><strong>1902</strong></span> <span class='ocrx_word' id='word_1_341' title='bbox 1350 4857 1378 4909; x_wconf 91' lang='lat' dir='ltr'>p.</span> <span class='ocrx_word' id='word_1_342' title='bbox 1396 4839 1458 4895; x_wconf 87' lang='grc'><strong>464.</strong></span> <span class='ocrx_word' id='word_1_343' title='bbox 1477 4838 1537 4894; x_wconf 88' lang='grc'><strong>608.</strong></span> 
     </span>
     <span class='ocr_line' id='line_1_39' title="bbox 520 4924 1747 4997; baseline 0 -18"><span class='ocrx_word' id='word_1_344' title='bbox 520 4926 544 4996; x_wconf 83' lang='lat'>⁴)</span> <span class='ocrx_word' id='word_1_345' title='bbox 562 4924 685 4980; x_wconf 89' lang='lat' dir='ltr'>Plinium</span> <span class='ocrx_word' id='word_1_346' title='bbox 702 4927 793 4997; x_wconf 86' lang='lat' dir='ltr'>ipsum</span> <span class='ocrx_word' id='word_1_347' title='bbox 811 4943 913 4983; x_wconf 87' lang='lat' dir='ltr'>nomen</span> <span class='ocrx_word' id='word_1_348' title='bbox 931 4926 1113 4983; x_wconf 87' lang='lat' dir='ltr'>Ilionensium</span> <span class='ocrx_word' id='word_1_349' title='bbox 1131 4927 1271 4983; x_wconf 81' lang='lat' dir='ltr'>addidisse</span> <span class='ocrx_word' id='word_1_350' title='bbox 1290 4927 1422 4982; x_wconf 83' lang='lat' dir='ltr'>Nissenne</span> <span class='ocrx_word' id='word_1_351' title='bbox 1441 4943 1549 4996; x_wconf 90' lang='lat' dir='ltr'>quoque</span> <span class='ocrx_word' id='word_1_352' title='bbox 1573 4930 1668 4983; x_wconf 88' lang='lat' dir='ltr'>censet</span> <span class='ocrx_word' id='word_1_353' title='bbox 1690 4925 1710 4986; x_wconf 85' lang='lat'>1.</span> <span class='ocrx_word' id='word_1_354' title='bbox 1727 4927 1747 4981; x_wconf 88' lang='lat' dir='ltr'>l.</span> 
     </span>
    </p>
   </div>
   <div class='ocr_carea' id='block_1_7' title="bbox 408 5009 1065 5177">
    <p class='ocr_par' dir='ltr' id='par_1_9' title="bbox 408 5009 1065 5177">
     <span class='ocr_line' id='line_1_40' title="bbox 408 5009 685 5084; baseline 0.018 -16"><span class='ocrx_word' id='word_1_355' title='bbox 408 5009 441 5068; x_wconf 86' lang='grc' dir='ltr'>Π</span> <span class='ocrx_word' id='word_1_356' title='bbox 459 5031 487 5084; x_wconf 92' lang='lat' dir='ltr'>p.</span> <span class='ocrx_word' id='word_1_357' title='bbox 506 5015 559 5071; x_wconf 80' lang='lat'>574</span> <span class='ocrx_word' id='word_1_358' title='bbox 577 5013 642 5070; x_wconf 82' lang='lat' dir='ltr'>adn.</span> <span class='ocrx_word' id='word_1_359' title='bbox 659 5015 685 5073; x_wconf 89' lang='grc'>8.</span> 
     </span>
     <span class='ocr_line' id='line_1_41' title="bbox 518 5104 1065 5177; baseline 0.004 -17"><span class='ocrx_word' id='word_1_360' title='bbox 518 5105 540 5176; x_wconf 80' lang='lat'>⁸)</span> <span class='ocrx_word' id='word_1_361' title='bbox 559 5104 661 5160; x_wconf 88' lang='lat' dir='ltr'>Nissen</span> <span class='ocrx_word' id='word_1_362' title='bbox 678 5105 697 5164; x_wconf 89' lang='lat' dir='ltr'>l.</span> <span class='ocrx_word' id='word_1_363' title='bbox 716 5105 736 5164; x_wconf 93' lang='lat' dir='ltr'>l.</span> <span class='ocrx_word' id='word_1_364' title='bbox 753 5105 770 5161; x_wconf 92' lang='grc' dir='ltr'><strong>Ι</strong></span> <span class='ocrx_word' id='word_1_365' title='bbox 787 5123 814 5177; x_wconf 94' lang='lat' dir='ltr'>p.</span> <span class='ocrx_word' id='word_1_366' title='bbox 834 5106 887 5162; x_wconf 82' lang='grc'>527</span> <span class='ocrx_word' id='word_1_367' title='bbox 904 5104 937 5161; x_wconf 90' lang='lat'>11</span> <span class='ocrx_word' id='word_1_368' title='bbox 955 5123 982 5177; x_wconf 88' lang='lat' dir='ltr'>p.</span> <span class='ocrx_word' id='word_1_369' title='bbox 1002 5106 1065 5164; x_wconf 91' lang='grc'><strong>778.</strong></span> 
     </span>
    </p>
   </div>
   <div class='ocr_carea' id='block_1_8' title="bbox 0 0 2142 6021">
    <p class='ocr_par' dir='ltr' id='par_1_10' title="bbox 0 0 2142 6021">
     <span class='ocr_line' id='line_1_42' title="bbox 0 0 2142 6021; baseline 0 0"><span class='ocrx_word' id='word_1_370' title='bbox 0 0 2142 6021; x_wconf 95' lang='lat' dir='ltr'> </span> 
     </span>
    </p>
   </div>
  </div>
 </body>
</html>
