4275 6025
464 1759 616 1858 Multum
655 1787 692 1854 0.
724 1786 849 1852 Plinius
887 1783 1054 1851 Secundus
1091 1804 1129 1849 eo
1162 1782 1366 1872 gloriatur¹)‚
1403 1787 1490 1869 qnod
1523 1785 1696 1853 Naturalis

357 1901 525 1968 Historiae
540 1902 632 1968 libris
647 1899 817 1968 XXXVI
831 1900 971 1984 primum
986 1897 1161 1978 addiderit,
1179 1905 1217 1963 ut
1232 1899 1310 1982 quid
1324 1899 1460 1985 singulis
1476 1902 1695 1967 contineretur

357 2004 471 2092 libris
487 2010 590 2094 primo
614 2013 784 2093 appareret
807 2013 950 2090 aspectu.
996 2005 1083 2071 idem
1109 2027 1173 2072 non
1195 2007 1264 2072 sine
1286 2007 1399 2091 aliqua
1420 2007 1595 2073 iactatione
1613 1997 1696 2073 XX

357 2137 467 2182 rerum
496 2114 669 2199 dignarum
700 2134 778 2178 cura
794 2165 802 2182 .
820 2162 853 2181 ..
877 2112 1014 2178 lectione
1044 2114 1242 2178 voluminum
1271 2114 1400 2180 circiter
1428 2105 1544 2181 Π...
1568 2136 1609 2180 ex
1639 2136 1695 2180 ex-

358 2222 488 2304 quisitis
511 2220 699 2285 auctoribus
723 2224 851 2285 centum
874 2239 908 2284 se
930 2218 1096 2284 inclusisse
1118 2219 1176 2285 illo
1199 2240 1297 2305 opere
1320 2218 1537 2304 affirmarim).
1585 2242 1626 2285 ex
1649 2222 1695 2286 eis

359 2328 460 2410 igitur
482 2327 655 2410 praecipue
678 2325 865 2391 auctoribus
887 2331 1014 2390 vastam
1036 2324 1216 2392 doctrinam
1235 2326 1345 2392 hausit
1368 2347 1543 2411 eorumque
1565 2329 1696 2393 nomina

362 2432 447 2495 inter
476 2428 548 2495 illos
572 2431 629 2513 qui
658 2431 764 2514 primo
787 2429 871 2496 libro
893 2434 1134 2504 enumerantur,
1157 2435 1286 2496 exstare
1308 2431 1422 2515 utique
1452 2431 1608 2498 credibile
1635 2438 1694 2501 est.

360 2557 464 2621 neque
495 2537 580 2600 enim
612 2544 661 2602 est
690 2536 777 2621 qnod
801 2534 1027 2620 Schwedero³l
1061 2533 1158 2600 fidem
1189 2535 1375 2618 habeamus,
1411 2536 1468 2619 qni
1499 2557 1573 2601 cnm
1602 2536 1696 2602 illum

357 2651 522 2711 auctorem
552 2665 646 2728 quem
671 2644 765 2728 quasi
787 2642 999 2729 principalem
1021 2641 1111 2708 Plini
1139 2643 1173 2708 in
1203 2642 1403 2727 geographia
1433 2643 1496 2708 sibi
1526 2641 1630 2719 finxit,
1662 2645 1696 2710 in

357 2757 525 2817 auctorum
542 2749 702 2815 indicibus
716 2751 861 2816 invenire
875 2771 940 2816 non
956 2753 1076 2834 posset,
1100 2770 1175 2814 eum
1197 2770 1219 2814 a
1241 2748 1349 2815 Plinio
1373 2749 1498 2816 sollerti
1514 2769 1592 2816 cura
1606 2751 1697 2817 sileri

358 2863 458 2941 utque
481 2857 592 2941 obtegi
614 2856 676 2923 sibi
698 2857 903 2940 persuasit4).
950 2857 1068 2922 atille
1098 2857 1167 2942 ipse
1196 2855 1372 2938 benignum
1402 2877 1471 2923 esse
1501 2863 1535 2921 et
1564 2857 1696 2941 plenum

174 3023 176 3072 .
249 3038 251 3042 ,
358 2965 489 3049 ingenui
511 2963 645 3049 pudoris
668 2963 881 3047 arbitratur¹⁵)
904 2963 1000 3029 fateri
1022 2984 1081 3049 per
1104 2982 1187 3047 quos
1210 2963 1283 3047 quis
1306 2961 1488 3045 profecerit.

466 3078 595 3137 centum
618 3078 729 3137 autem
750 3071 800 3137 illi
822 3076 971 3137 auctores
993 3071 1050 3155 qui
1074 3076 1181 3135 essent
1203 3090 1244 3135 ex
1266 3068 1375 3153 ampla
1396 3069 1480 3134 serie
1503 3070 1696 3154 scriptorum

358 3199 398 3243 ac
418 3185 590 3262 poetarum
613 3178 701 3263 apud
715 3177 859 3244 Plinium
882 3197 955 3242 cum
978 3178 1011 3241 in
1033 3175 1127 3241 libris
1150 3183 1222 3241 tum
1244 3176 1279 3239 in
1300 3173 1461 3241 indicibus
1476 3175 1694 3260 laudatorum,

358 3286 424 3350 iam
454 3283 511 3350 diu
541 3285 655 3350 sedula
685 3304 785 3369 opera
813 3284 875 3347 viri
906 3282 993 3349 docti
1023 3283 1244 3366 quaesierunt.
1289 3302 1349 3346 nec
1380 3288 1489 3348 tamen
1522 3285 1696 3368 quicquam

359 3390 474 3473 profici
496 3397 633 3473 apparet
655 3411 694 3456 ee
716 3391 770 3455 via
793 3410 892 3473 quem
914 3390 1075 3473 ingressus
1098 3391 1149 3452 ost
1171 3386 1339 3453 Gustarus
1362 3385 1561 3455 Oehmichen
1571 3388 1607 3472 ο1,
1638 3391 1696 3475 qui

360 3495 566 3577 generalibus
590 3496 783 3579 quibusdem
805 3494 1051 3577 cogitationibus
1076 3494 1194 3559 ductus
1215 3492 1354 3561 indicem
1371 3495 1501 3562 illorum
1524 3505 1695 3563 auctorum

361 3600 597 3684 exquisitorum
628 3623 817 3686 componere
841 3608 975 3667 conatus
999 3606 1059 3667 est.
1105 3601 1162 3683 qui
1191 3621 1257 3685 quo
1285 3602 1357 3667 iure
1379 3600 1517 3668 Latinos
1547 3614 1696 3669 auctores

359 3726 471 3773 omnes
493 3706 561 3771 iere
583 3708 670 3793 ipsos
685 3707 793 3773 Plinio
815 3716 947 3793 praesto
962 3708 1061 3773 luisse
1077 3707 1280 3774 contenderit
1294 3710 1411 3776 nescio.
1458 3710 1491 3774 in
1511 3711 1696 3776 universnm

358 3819 470 3879 eutem
493 3814 641 3897 quamvis
662 3813 807 3879 Plinium
829 3814 956 3880 Latinis
980 3836 1078 3899 quam
1102 3812 1238 3881 Graecis
1263 3816 1447 3883 auctoribus
1469 3818 1519 3882 uti
1546 3818 1697 3882 maluisse

359 3926 609 3986 consentaneum
632 3922 684 4004 sit,
713 3927 822 3987 tamen
844 3942 950 4004 neque
971 3922 1029 3987 hos
1053 3920 1225 3987 excludere
1248 3920 1324 3987 licet
1346 3943 1452 4007 neque
1478 3922 1553 3988 illos
1575 3930 1695 3989 temere

468 4132 491 4199 ¹)
508 4130 596 4201 praef.
615 4133 658 4187 33.

468 4220 489 4289 ²)
508 4220 595 4289 praei.
619 4223 662 4277 17.
699 4237 754 4290 quo
782 4220 817 4275 de
842 4222 904 4277 loco
927 4238 983 4277 non
1005 4221 1150 4277 consentio
1173 4238 1236 4276 cum
1258 4221 1427 4294 Degeringio
1449 4222 1550 4279 Rhein,
1569 4222 1640 4277 blus.
1660 4225 1694 4280 57

358 4307 456 4379 (1902)
474 4326 500 4377 p.
522 4310 563 4364 14.

468 4396 491 4468 ³)
510 4394 673 4469 Philologus
687 4399 721 4454 54
740 4400 832 4470 (1895)
851 4417 878 4469 p.
892 4401 953 4456 533.
972 4399 1008 4455 ci.
1022 4400 1107 4455 etiam
1118 4398 1240 4454 eiusdem
1253 4398 1371 4456 librum:
1388 4389 1520 4471 Beitrdge
1535 4418 1588 4456 zoor
1599 4399 1697 4457 Kriou

359 4485 407 4541 der
429 4484 633 4555 Otoroproptie
651 4488 697 4543 des
715 4488 861 4559 Augustus
878 4486 926 4542 III
946 4490 1015 4545 1883
1033 4506 1053 4558 p
1081 4490 1125 4545 55.

444 4577 447 4582 ’
466 4576 488 4645 ⁴)
507 4592 564 4631 non
581 4580 658 4632 reete
680 4576 755 4632 idem
777 4580 820 4632 vir
842 4578 940 4632 doetus
957 4578 1027 4647 (Die
1049 4576 1222 4634 Concordem
1246 4577 1294 4633 der
1313 4576 1533 4650 Otorofflaplsr'en
1554 4577 1601 4631 der
1617 4575 1696 4634 rrera

358 4662 418 4717 und
435 4662 549 4721 Plinius
566 4682 662 4735 progr.
683 4666 749 4722 Kisl
762 4668 832 4724 1879
850 4684 878 4736 p.
892 4667 936 4724 18.
971 4665 1060 4723 Beitr.
1080 4666 1128 4721 Ill
1149 4668 1217 4723 1883
1235 4684 1264 4736 p.
1277 4668 1326 4738 35)
1344 4668 1507 4723 Strabonem
1520 4681 1629 4736 qnoque
1640 4682 1696 4734 quo

358 4755 472 4806 auctore
489 4770 555 4807 usus
574 4753 611 4808 sit
628 4755 784 4825 principali,
803 4772 860 4809 non
877 4754 1014 4811 iudicasse
1032 4753 1184 4810 contendit
1220 4754 1267 4810 hic
1284 4756 1359 4809 enim
1377 4756 1444 4810 saris
1468 4754 1611 4824 perspicuo
1633 4752 1696 4803 τὸν

358 4840 538 4913 κωρογράφον
566 4844 595 4896 et
612 4841 673 4909 τὴν
690 4848 881 4917 κωρογραφίαν
899 4841 1003 4905 laudnt,
1031 4841 1139 4897 Plinius
1158 4846 1258 4913 autem,
1285 4843 1310 4897 ai
1328 4842 1486 4898 Suhwoderi
1513 4839 1608 4912 opinio
1630 4857 1697 4894 vers.

357 4933 439 4995 esset,
459 4928 494 4983 de
512 4933 627 4985 auctore
645 4934 786 4988 tacuisset

467 5018 488 5087 ὗ)
506 5018 595 5087 presi.
614 5021 657 5077 21.

466 5106 489 5178 ⁶)
507 5106 696 5167 prenoscere
714 5109 837 5167 ermes
874 5109 1017 5180 eilangoa
1035 5107 1107 5165 reso
1123 5125 1151 5179 p.
1164 5110 1226 5166 212.

411 5202 505 5257 Klots,
519 5204 663 5257 Quaererem
677 5207 798 5251 Plrnunss.
