4275 6025
1068 702 1133 767 114

433 908 705 979 Italiamdallia
727 908 893 995 Cisalpina
916 911 1042 978 seclusa
1072 912 1227 996 pertinet:
1259 912 1344 977 duod
1373 912 1433 977 ullo
1454 914 1489 977 in
1510 914 1570 979 loco
1594 908 1770 982 wunn-

433 1018 534 1081 dinem
557 1016 706 1081 sacedon.
752 1021 788 1081 st
810 1015 929 1082 diserte
951 1016 992 1083 de
1014 1017 1122 1084 media
1144 1015 1244 1087 Italia
1265 1018 1422 1106 agitato.
1461 1041 1560 1104 quam
1581 1042 1767 1089 mensuram

432 1123 615 1208 generalem
639 1123 718 1207 quia
739 1123 841 1191 artius
872 1145 944 1190 cum
968 1123 1177 1194 Varroniano
1198 1147 1295 1210 quam
1318 1146 1392 1193 cum
1413 1124 1584 1212 Agrippae
1605 1127 1768 1210 cohaeret,

433 1231 476 1298 ad
509 1230 601 1297 illum
631 1228 835 1296 referendam
869 1250 940 1296 ease
973 1230 1090 1311 iudico,
1125 1232 1223 1299 etiam
1252 1238 1426 1317 propterea
1458 1233 1545 1317 quod
1575 1235 1671 1301 huius
1698 1239 1767 1303 tam

432 1338 564 1405 incertis
586 1335 729 1402 numeris
760 1336 867 1420 spatia
894 1336 1038 1405 indicare
1060 1337 1144 1403 nihil
1166 1337 1332 1404 intererat.
1379 1337 1464 1404 adde
1487 1339 1576 1422 quod
1598 1359 1769 1406 mensuras

432 1444 602 1511 simillimis
625 1444 730 1510 verbis
753 1448 922 1529 conceptas
945 1445 987 1510 ab
1006 1464 1044 1511 eo
1059 1444 1183 1511 alienas
1198 1466 1268 1511 ease
1283 1436 1653 1531 supra'coguouimusbz
1676 1451 1707 1526 4,
1721 1449 1766 1516 08

432 1552 590 1616 latitudine
604 1541 803 1636 nusquam]
815 1552 961 1625 recedens,
984 1555 1015 1629 4,
1029 1554 1072 1621 63
1087 1573 1236 1637 nusquam
1251 1551 1435 1616 acredinem
1449 1541 1768 1620 uora‘X'IIearendic.

432 1679 514 1743 quas
543 1677 710 1724 mensuras
741 1657 769 1721 si
798 1662 886 1723 recte
909 1656 1143 1735 distribuimus,
1174 1677 1233 1721 cur
1254 1656 1382 1723 Plinius
1406 1657 1575 1742 Agrippae
1597 1679 1766 1725 mensuras

430 1764 473 1830 ad
495 1785 667 1831 numerum
689 1762 825 1842 adierat,
849 1762 1007 1831 Varronis
1023 1762 1146 1829 indicet
1160 1768 1296 1845 tantum,
1313 1763 1434 1848 optime
1448 1764 1657 1851 intellegitur.
1689 1787 1765 1832 nam

434 1869 490 1935 ille
513 1890 585 1936 eum
601 1869 720 1936 Italiac
740 1868 897 1934 ambitum
914 1889 1061 1935 emensus
1076 1874 1157 1953 erat,
1180 1870 1237 1953 qui
1252 1867 1340 1934 Plini
1356 1891 1483 1955 quoque
1498 1877 1606 1937 aetate
1621 1871 1764 1938 valebat.

433 1974 644 2059 quamobrem
665 1975 727 2041 hoc
749 1974 878 2060 quidem
901 1974 971 2041 loco
994 1976 1169 2060 primariae
1192 1981 1268 2042 sunt
1290 1997 1460 2043 mensurae
1484 1978 1678 2063 Agrippam,
1705 1978 1776 2045 sed.

429 2084 464 2149 in
486 2082 672 2151 universum
693 2087 783 2147 recto
805 2082 872 2147 talo
896 2085 962 2147 stat
985 2082 1086 2149 nihilo
1108 2082 1222 2162 minus,
1246 2082 1420 2167 Agrippea
1438 2083 1481 2150 ad
1496 2085 1579 2151 alius
1595 2086 1766 2171 scriptoris

430 2188 678 2273 descriptionem
701 2206 770 2253 esse
793 2186 955 2256 adiuncta.

536 2295 603 2361 iam
626 2292 669 2361 ad
691 2291 836 2376 singulas
858 2291 1000 2358 ambitus
1023 2313 1191 2359 mensuras
1214 2297 1424 2361 transeamus.
1457 2294 1515 2359 sed
1538 2301 1663 2363 certum
1677 2298 1765 2363 iudi-

429 2402 514 2469 cium
536 2422 595 2486 per
618 2420 652 2466 se
675 2398 715 2465 de
739 2399 874 2482 singulis
897 2400 1010 2483 nequit
1031 2399 1121 2471 ferri.
1151 2399 1223 2466 ideo
1245 2421 1310 2466 non
1332 2421 1410 2467 orae
1424 2407 1565 2467 tractum
1582 2424 1761 2489 sequemur,

429 2509 488 2576 sed
510 2508 553 2575 ab
578 2530 617 2574 ea
638 2528 790 2573 mensura
812 2505 1061 2591 proficiscemur,
1085 2525 1170 2589 quac
1192 2512 1282 2572 certo
1304 2507 1431 2572 auctori
1452 2506 1616 2574 tribuitur.

515 2655 516 2661 κ
537 2636 636 2699 supra
650 2619 759 2680 autem
772 2613 953 2680 Detlefseni
969 2613 1127 2679 rationem
1142 2611 1404 2697 improbavimus,
1421 2614 1478 2696 qui
1492 2635 1625 2698 prorsus
1637 2616 1764 2685 abiecta

430 2744 470 2791 ea
492 2734 652 2801 mensura,
675 2742 760 2805 quae
782 2719 904 2786 diserte
928 2718 1098 2805 Agrippas
1121 2718 1312 2800 uindicatur,
1342 2741 1382 2786 ex
1403 2721 1537 2806 reliquis
1560 2742 1659 2788 unam
1681 2744 1763 2807 quo·

429 2828 601 2895 dammodo
623 2834 772 2895 catenam
807 2825 933 2895 effinxit
964 2832 1064 2909 atque
1087 2846 1156 2891 eam
1181 2826 1328 2909 quamvis
1350 2846 1415 2893 non
1437 2828 1480 2891 ad
1502 2827 1636 2893 Arsiam
1658 2848 1764 2912 usque

427 2941 546 3020 currat,
581 2935 727 3021 quamvis
761 2932 917 2999 historiae
950 2933 1092 2998 rationes
1126 2939 1240 3017 aperte
1276 2932 1459 3000 habeantur
1489 2934 1524 2999 in
1558 2932 1761 3018 divisione³),

429 3044 568 3128 denique
583 3042 729 3126 quamvis
745 3041 833 3106 sinus
848 3039 896 3106 illi
912 3037 1111 3108 Varroniaui
1130 3040 1353 3124 respiciantur,
1372 3040 1540 3125 Agrippae
1554 3041 1760 3106 tribuendam

427 3156 543 3217 censet.
591 3150 647 3233 qui
681 3153 719 3214 ut
753 3147 839 3232 quod
870 3148 1098 3233 gravissimum
1129 3154 1180 3215 est
1208 3169 1411 3233 urgueamus,
1443 3147 1554 3233 oppidi
1580 3146 1762 3215 Locrorum

429 3259 587 3325 rationem
618 3256 747 3323 omnino
773 3276 838 3322 nou
870 3254 993 3321 habuit.
1038 3254 1209 3321 Lacinium
1231 3256 1318 3321 enim
1340 3278 1360 3318 a
1385 3253 1516 3319 Caulone
1538 3255 1636 3319 acere
1652 3245 1762 3322 ΠΧ

366 3353 368 3358 ’
422 3365 530 3452 prodit
551 3366 583 3440 3,
600 3366 653 3434 96.
684 3369 721 3428 at
750 3363 777 3428 si
807 3362 1015 3428 Detlefsenus
1046 3367 1135 3428 recte
1165 3362 1207 3429 ad
1237 3363 1373 3429 eundem
1407 3363 1587 3429 rettulisset
1622 3363 1760 3430 alteram

425 3472 544 3540 frontis
566 3470 686 3536 Italiae
708 3469 930 3557 mensnram)
953 3507 997 3520 —
1020 3469 1054 3536 id
1078 3470 1166 3555 quod
1183 3470 1235 3536 rel
1250 3476 1384 3554 propter
1398 3471 1478 3536 illud
1491 3469 1628 3556 pbm‘que
1643 3492 1759 3555 parum

423 3577 594 3666 probabile
618 3581 667 3644 est
690 3615 744 3661 -‚
767 3599 788 3643 a
811 3574 957 3643 Caulone
975 3576 1017 3644 ad
1040 3575 1161 3644 Locros
1184 3568 1217 3644 V
1239 3599 1271 3661 p.
1294 3574 1446 3663 Agrippa
1465 3583 1691 3663 computasset.
1724 3579 1759 3644 id

426 3685 515 3770 quod
537 3704 634 3752 sensu
655 3683 752 3766 plane
774 3681 968 3749 destitutum
988 3689 1047 3752 est.
1073 3690 1109 3751 at
1123 3673 1338 3753 iusum
1351 3685 1465 3770 procul
1484 3685 1584 3751 dubio
1599 3707 1620 3752 a
1635 3686 1761 3754 Graeco

424 3792 563 3878 quodam
587 3797 719 3858 auctore
741 3790 872 3874 prolata
894 3798 983 3880 sunt3
1007 3793 1203 3877 respondent
1225 3793 1309 3858 enim
1333 3795 1399 3862 600
1421 3791 1536 3860 stadiis
1544 3790 1580 3872 ⁶).

434 3953 438 3960 ,
516 3919 589 3989 cnm
611 3897 669 3964 illa
691 3904 800 3964 autem
823 3919 976 3964 mensura
999 3920 1084 3982 quae
1100 3899 1244 3968 Varroni
1259 3897 1495 3984 attribuitur⁶),
1520 3905 1591 3965 arte
1606 3898 1762 3966 cohaeret

423 4026 463 4072 ea
486 4026 570 4091 quae
593 4009 700 4071 exstat
723 4009 753 4089 3,
772 4008 815 4076 74
838 4006 945 4070 obsura
967 4005 1094 4093 (Locri)
1119 4029 1139 4069 a
1158 4004 1255 4071 Silero
1278 3997 1422 4070 colui]
1436 4006 1585 4091 iustoque
1606 4006 1665 4072 illa
1686 4005 1761 4072 loco

433 4271 436 4276 Ι
532 4201 555 4270 ¹)
572 4199 700 4270 improbo
726 4199 812 4270 igitur
839 4201 992 4257 Detlefseni
1020 4201 1087 4257 1901
1117 4199 1181 4270 pl
1211 4198 1274 4256 adn.
1304 4200 1319 4254 1
1348 4199 1535 4254 coniecturam
1562 4195 1674 4267 mediae,
1702 4214 1760 4267 qna

421 4287 586 4342 obscuratur
611 4289 756 4344 sententia.
794 4306 884 4359 neque
912 4291 985 4344 enim
1013 4288 1141 4358 latitudo,
1169 4289 1218 4343 sed
1247 4288 1334 4345 Italic
1364 4287 1500 4342 enuntiati
1528 4287 1684 4342 subiectum
1714 4291 1759 4342 est

422 4380 538 4446 propter
556 4376 654 4430 ultima
671 4376 768 4432 verba:
787 4376 862 4433 houd
879 4377 935 4434 ullo
952 4376 984 4433 ia
1001 4377 1057 4433 loco
1078 4370 1127 4433 00
1140 4377 1275 4434 medens.

530 4464 751 4534 Umpffim

530 4555 552 4626 ⁸)
572 4553 606 4610 ei.
625 4554 799 4622 potissimum
818 4557 843 4624 3,
857 4556 899 4610 56.

528 4644 552 4713 ⁴)
571 4645 598 4704 3,
610 4642 644 4698 95
659 4642 782 4712 plerique
799 4636 919 4700 [XXV
930 4643 1025 4714 fecere

530 4733 552 4801 ⁶)
571 4730 738 4801 cogitaveris
756 4731 791 4785 de
809 4730 936 4800 Polybio.
954 4735 984 4786 at
1000 4732 1046 4788 hic
1064 4748 1082 4791 a
1100 4730 1235 4787 Portbmo
1254 4747 1339 4800 usque
1357 4731 1393 4785 ad
1411 4730 1557 4785 lacinium
1575 4733 1645 4788 1300
1664 4731 1755 4786 stadia

419 4821 593 4891 computavit
621 4819 720 4892 (Strab.
745 4821 795 4876 261
820 4841 857 4867 --·
879 4819 977 4890 Polyb.
1001 4822 1043 4889 34,
1063 4823 1106 4887 11,
1126 4822 1179 4893 10).
1217 4837 1280 4876 eum
1306 4837 1372 4876 vero
1400 4821 1521 4890 spatium
1547 4839 1565 4876 a
1590 4820 1690 4876 Locris
1718 4819 1758 4876 ad

420 4907 566 4963 Lacinium
584 4909 677 4964 maius
692 4925 753 4964 esse
770 4909 872 4965 debeat
889 4927 971 4980 quam
991 4910 1081 4966 altera
1098 4927 1163 4980 pars
1181 4929 1198 4966 a
1215 4909 1350 4966 Porthmo
1367 4910 1404 4965 ad
1416 4911 1528 4981 Iocros,
1540 4909 1672 4980 Polybius
1684 4910 1754 4966 illud

418 4995 508 5051 maius
527 5012 608 5066 quam
628 4997 680 5053 600
698 4997 824 5067 accipere
842 4997 945 5052 debuit.
1718 4988 1733 5007 “

528 5085 551 5158 ⁶)
570 5086 595 5154 3,
609 5086 643 5142 95
662 5085 789 5143 abacia
799 5084 882 5157 froas
893 5085 992 5144 Italiae
1002 5087 1123 5157 incipit.
1137 5129 1144 5145 .
1156 5127 1164 5144 .
1174 5091 1255 5159 patet
1265 5080 1435 5155 Um
1448 5091 1483 5144 at
1494 5091 1589 5146 cocwr
1600 5091 1641 5146 cat
1655 5086 1755 5146 Varro.
