4275 6025
1041 657 1105 722 182

404 871 439 933 et
468 865 550 933 aab.
582 867 674 933 Pent.
706 865 875 949 collocant,
909 866 950 937 cs.
974 864 1102 945 Streclr,
1136 864 1416 950 Pauly-Wissowa
1445 866 1551 953 suppl.
1576 874 1605 948 1,
1629 890 1662 953 p.
1686 873 1742 940 79.

403 979 475 1039 tum
496 972 679 1041 Essedones
701 972 841 1040 Colchos
870 993 891 1038 a
920 978 1013 1057 tergo
1040 973 1215 1057 attingunt.
1262 993 1341 1058 ergo
1362 973 1428 1038 iam
1452 974 1593 1041 secundo
1613 977 1743 1043 nomine

403 1101 506 1165 usque
537 1080 581 1148 ad
606 1080 730 1148 medios
752 1101 808 1147 eos
830 1086 956 1147 montes
978 1079 1164 1166 proceditur
1185 1101 1268 1164 quos
1289 1101 1348 1147 nos
1371 1078 1552 1146 Caucasum
1574 1082 1742 1149 nominare

399 1189 635 1255 consuevimus.
679 1186 755 1253 hinc
784 1191 922 1272 apparet
952 1186 1081 1270 longius
1110 1205 1313 1270 progressam
1346 1205 1417 1252 esse
1439 1184 1685 1270 descriptionem
1707 1193 1743 1253 et

402 1294 438 1358 in
467 1295 652 1362 universum
682 1293 819 1379 populos
848 1314 870 1358 a
900 1291 1022 1358 Meeoti
1054 1299 1088 1359 et
1118 1292 1225 1358 Ponto
1260 1291 1416 1357 orientem
1451 1312 1559 1358 versus
1593 1291 1741 1359 sedentes

403 1400 591 1468 enumerari
630 1403 743 1488 itaque
766 1401 810 1468 ad
832 1422 903 1467 eam
918 1398 1058 1468 Caucasi
1079 1401 1228 1485 iugorum
1243 1399 1508 1484 significationem
1524 1400 1740 1484 perducimur,

402 1526 488 1590 quae
516 1506 558 1572 ed
589 1515 715 1576 montes
745 1511 833 1576 inter
861 1507 1005 1575 Mediam
1035 1512 1068 1575 et
1098 1527 1188 1574 mare
1218 1504 1373 1591 Caspium
1403 1507 1482 1574 sitos
1512 1511 1648 1589 spectat.
1694 1506 1742 1572 sic

402 1619 581 1698 usurpatur
607 1618 638 1698 6,
651 1618 705 1686 39.
729 1621 782 1684 41.
806 1618 861 1685 46.
879 1636 938 1700 per
963 1615 1051 1698 iupa
1076 1611 1202 1678 Caucasi
1228 1613 1281 1698 (ut
1309 1612 1378 1696 hic)
1405 1615 1437 1696 6,
1449 1617 1503 1684 28.
1531 1613 1586 1682 29·
1609 1613 1662 1681 39.
1686 1616 1740 1683 47.

279 1742 293 1757 “·
401 1717 521 1784 itemm
532 1719 634 1800 igitur
644 1742 800 1788 conexum
812 1719 975 1805 quendam
987 1726 1116 1786 exstare
1127 1720 1336 1804 cognovimus
1351 1719 1438 1785 inter
1452 1720 1536 1786 hanc
1549 1716 1741 1804 populorum

401 1822 517 1889 seriem
551 1830 585 1890 et
618 1826 865 1912 descriptionem
895 1825 1085 1904 Armeniae,
1119 1824 1205 1892 unde
1236 1823 1332 1890 facile
1362 1825 1519 1892 aasentias
1549 1824 1639 1907 mihi,
1667 1845 1741 1891 oum

402 1929 508 1995 eidem
537 1933 663 1997 auctori
694 1938 864 2016 utramque
896 1930 1032 1997 vindico.
1089 1951 1185 2014 quem
1214 1928 1401 1996 Mucianum
1432 1951 1501 1995 esse
1534 1931 1633 2015 paulo
1666 1937 1741 2014 post

401 2033 541 2118 probare
564 2035 761 2103 conabimur.

513 2141 629 2226 quibus
652 2163 729 2208 vero
752 2143 940 2210 auctoribus
963 2146 994 2227 6,
1007 2145 1050 2212 22
1073 2143 1173 2208 tertia
1196 2143 1295 2209 series
1317 2141 1512 2226 populorum
1535 2141 1737 2228 adnectatur,

400 2245 555 2331 indagare
577 2269 641 2314 non
664 2250 765 2333 potui,
789 2250 852 2315 nisi
875 2248 962 2334 quod
986 2271 1057 2315 eam
1073 2249 1114 2314 ab
1135 2270 1173 2315 eo
1188 2254 1319 2314 auctore
1334 2247 1474 2314 alienam
1489 2268 1560 2313 esse
1574 2247 1739 2315 affirmare

400 2354 516 2436 ausim,
540 2376 637 2438 quem
652 2355 779 2422 Plinius
802 2360 832 2438 6,
848 2360 891 2426 50
914 2357 1077 2440 sequitur:
1100 2377 1175 2421 nam
1197 2354 1244 2420 ibi
1259 2354 1399 2439 Scythae
1414 2354 1570 2418 Eadem
1587 2353 1741 2422 dicuntur

401 2459 609 2527 hauddubie
633 2460 738 2528 eidem
761 2463 817 2547 qui
841 2467 872 2546 6,
886 2466 929 2533 22
953 2463 1103 2528 Auclatae
1125 2458 1288 2549 (Αὐχάται
1310 2463 1504 2546 Herodoto).

491 2571 523 2647 6,
539 2571 636 2653 23sq.
670 2571 774 2654 irpeas
805 2573 838 2633 in
871 2572 1086 2635 meddmaaeo
1118 2572 1200 2634 ιίιιιιι
1233 2576 1405 2652 mactatur,
1444 2570 1479 2634 in
1512 2589 1578 2653 quo
1612 2568 1738 2635 Plinius

401 2670 596 2739 Corbulonis
642 2672 845 2758 expeditione
889 2675 1170 2760 legationibusque
1211 2696 1325 2759 regum
1370 2676 1520 2741 notitiam
1565 2674 1739 2741 admodum

400 2777 632 2864 amplificatam
664 2801 699 2846 se
729 2780 935 2866 prolaturum
966 2803 1036 2848 esse
1066 2783 1236 2867 promittit.
1292 2783 1344 2848 cui
1374 2803 1450 2848 vero
1482 2803 1552 2848 eam
1574 2786 1739 2866 acceptam

400 2885 533 2966 referat,
557 2887 610 2951 vix
632 2885 767 2953 dubium
782 2893 841 2954 esi.
886 2910 962 2954 nam
978 2886 1173 2955 Corbulonis
1188 2889 1436 2954 commentarios
1451 2910 1515 2954 non
1530 2887 1638 2954 Plinio
1653 2890 1739 2973 ipsos

360 2995 363 3002 '
400 2997 530 3078 praesto
553 2991 654 3060 fuisse
677 3015 777 3077 supra
798 3017 830 3080 p.
856 2997 898 3065 25
923 3016 963 3061 ex
986 2998 1016 3077 5,
1030 2998 1073 3064 83
1096 2995 1299 3080 potissimum
1322 2993 1545 3061 conclusimus.

512 3099 592 3164 haec
624 3099 717 3182 quasi
744 3099 911 3184 praefatus
938 3099 1066 3165 Plinius
1093 3100 1190 3165 dixit:
1218 3101 1369 3164 ordiemur
1405 3112 1504 3163 autem
1532 3124 1551 3163 o
1582 3098 1738 3186 Coppada

399 3228 468 3268 aare
487 3216 582 3289 pente.
627 3203 684 3270 sed
707 3203 762 3269 hic
782 3205 954 3270 manifesto
977 3205 1136 3273 dormivit.
1183 3203 1283 3289 quid?
1330 3204 1537 3292 Cappadoces
1552 3228 1658 3273 nonne
1672 3209 1739 3273 iam

401 3314 432 3393 6,
445 3313 476 3380 8.
509 3314 529 3379 9
559 3314 752 3394 pertractati
783 3318 868 3377 sunt.
923 3314 1035 3397 itaque
1064 3314 1145 3379 haec
1175 3333 1214 3378 ex
1245 3312 1335 3379 fonte
1369 3312 1530 3379 translata
1564 3319 1647 3379 sunt.
1704 3322 1739 3381 at

400 3416 572 3501 suppletur
593 3418 652 3484 illa
675 3418 900 3505 Cappadociae
923 3420 1095 3505 descriptio
1119 3421 1166 3487 eis
1193 3441 1275 3505 quae
1302 3423 1332 3502 6,
1346 3423 1390 3489 24
1412 3420 1573 3503 leguntur,
1600 3440 1738 3486 commo·

400 3521 530 3589 dissime
556 3525 604 3590 ita
630 3532 669 3591 ut
695 3528 891 3611 generaliter
918 3529 959 3594 de
986 3549 1024 3593 ea
1051 3534 1142 3594 terra
1170 3526 1270 3593 verba
1299 3526 1389 3610 fiant,
1414 3526 1524 3611 qualia
1545 3526 1593 3591 ibi
1615 3526 1738 3592 deside·

399 3635 524 3697 rantur.
570 3653 674 3717 neque
704 3635 790 3699 enim
818 3634 858 3699 de
889 3635 955 3700 situ
977 3635 1012 3699 in
1035 3635 1221 3699 universum
1243 3640 1301 3698 aut
1323 3630 1364 3697 de
1386 3630 1505 3697 finibus
1529 3634 1594 3714 6,8
1618 3633 1737 3717 agitur,

399 3737 457 3803 sed
486 3739 580 3822 quasi
610 3741 643 3804 in
666 3741 789 3807 medias
822 3761 875 3807 res
905 3742 1061 3825 rapimur.
1108 3745 1158 3807 est
1179 3741 1281 3823 igitur
1303 3743 1336 3822 6,
1349 3744 1392 3809 24
1415 3738 1511 3824 quasi
1532 3744 1629 3824 caput
1651 3739 1738 3805 illius

400 3846 633 3931 descriptionis.
680 3849 765 3913 unde
787 3848 829 3914 ad
851 3868 953 3915 unum
976 3853 1140 3914 auctorem
1164 3850 1193 3927 6,
1208 3851 1283 3932 8sq.
1309 3854 1342 3913 et
1365 3850 1395 3928 6,
1410 3851 1453 3915 24
1475 3845 1643 3912 referenda
1668 3868 1737 3912 esse

399 3955 479 4019 satis
508 3953 620 4037 liquet,
650 3975 767 4040 nempe
797 3956 840 4021 ad
868 3956 1063 4022 Mucianum.
1111 3961 1211 4040 atque
1242 3956 1369 4039 egregie
1400 3956 1485 4020 istor
1516 3952 1598 4019 duas
1627 3958 1737 4036 partes

400 4062 557 4143 convenit,
581 4062 630 4127 ita
651 4067 689 4127 ut
711 4063 776 4128 iam
797 4084 913 4150 corpus
936 4086 956 4130 a
978 4062 1088 4129 Plinio
1112 4062 1287 4128 dissectum
1308 4083 1499 4147 componere
1524 4059 1630 4126 liceat.
1662 4079 1737 4124 nam

400 4188 484 4249 quae
507 4170 538 4251 6,
550 4170 583 4238 8.
607 4170 627 4237 9
652 4166 692 4233 de
715 4168 841 4234 ambitu
864 4167 1092 4254 Cappadociae
1115 4168 1338 4248 conclusimus,
1363 4164 1737 4247 hineconfirmanuur1).

509 4274 694 4341 adnectitur
716 4274 876 4342 Armenia
905 4276 1018 4357 maior,
1049 4275 1083 4339 in
1115 4295 1181 4357 qua
1211 4272 1254 4339 ad
1279 4274 1458 4358 Euphratis
1489 4274 1736 4359 descriptionem

399 4380 595 4446 remittimur
610 4386 640 4464 h,
654 4384 697 4451 83
709 4381 786 4466 fluit
798 4380 955 4447 Derzenen
965 4383 1114 4467 primum,
1131 4404 1201 4445 moa
1216 4382 1403 4466 Anaeticam,
1420 4382 1581 4444 Aurariae
1595 4381 1736 4465 repioaes,

399 4509 420 4547 a
436 4483 629 4571 Cappadocia
650 4487 805 4551 accludens
827 4486 867 4556 cf.
884 4489 915 4566 6,
928 4491 971 4558 25
994 4488 1143 4551 Arenaria
1166 4497 1264 4551 aretem
1286 4489 1382 4550 maior
1404 4488 1510 4573 incipit
1523 4508 1543 4548 a
1558 4485 1736 4549 Parihedris

398 4592 554 4676 maha,
576 4593 736 4679 Euphrate
768 4616 865 4669 amaa,
895 4605 930 4657 ut
957 4595 1069 4657 dutum
1099 4605 1150 4676 est,
1182 4593 1316 4679 aufertur
1340 4592 1558 4679 Cappadociae.
1611 4590 1737 4658 accedit

399 4700 485 4785 quod
507 4699 566 4766 illa
580 4698 761 4784 Euphratis
785 4700 958 4785 descriptio
978 4700 1056 4765 hino
1072 4699 1253 4785 supplenda
1268 4706 1328 4766 est.
1366 4720 1424 4766 neo
1439 4700 1525 4765 enim
1540 4704 1736 4765 retractatur
1753 4768 1755 4773 ,

399 4827 438 4871 ea
460 4827 536 4892 pars
556 4797 734 4872 Armeniae
758 4827 857 4890 quam
879 4808 934 4873 ille
956 4808 1060 4874 amnis
1083 4806 1224 4891 perfluit,
1248 4807 1333 4873 unde
1356 4828 1414 4892 per
1437 4828 1471 4873 se
1494 4806 1663 4892 probabile
1686 4812 1738 4871 est

508 5033 529 5100 ²)
549 5032 584 5085 de
602 5030 758 5101 fragmento
776 5031 919 5101 Agrippae
938 5031 967 5086 in
986 5032 1061 5088 calce
1080 5033 1105 5101 6,
1116 5033 1152 5089 24
1171 5031 1267 5088 addito
1286 5030 1321 5086 el.
1342 5050 1368 5101 p.
1390 5033 1449 5090 166.
