4275 6025
1055 682 1119 747 122

414 892 514 959 verba
541 895 572 971 3,
587 894 651 962 129
683 893 753 956 itam
783 891 970 957 adbaereatia
993 890 1163 957 Liburniae
1191 902 1220 957 ct
1247 890 1403 957 Flanatiei
1429 893 1513 956 anus
1541 893 1754 977 grammatica

413 999 542 1065 ratione
565 998 736 1064 coniuncta
755 1003 840 1065 sunt.
878 996 1003 1064 accedit
1018 998 1105 1083 quod
1119 997 1267 1065 Histriae
1283 996 1362 1063 fines
1377 997 1553 1064 secundum
1567 998 1753 1083 Agrippam

413 1108 462 1172 eis
486 1105 704 1174 constituitur.
743 1124 803 1171 nec
825 1106 990 1191 igiturest
1013 1127 1069 1172 cur
1085 1103 1127 1170 ab
1143 1104 1387 1174 convellantur.
1422 1106 1570 1189 quivero
1585 1093 1752 1173 Odisti

412 1213 586 1279 circuitum
609 1211 757 1277 Histriae
780 1210 984 1293 definierunt,
1018 1211 1049 1276 ei
1073 1209 1194 1278 Arriae
1216 1210 1364 1295 neglecto
1394 1216 1500 1275 totam
1528 1212 1752 1297 paeninsulam

412 1317 735 1404 comprehenderunt.
775 1318 887 1403 itaque
910 1319 1089 1403 antiquiori
1112 1318 1238 1384 auctori
1260 1317 1341 1382 haec
1355 1316 1529 1384 tribuenda
1543 1325 1629 1387 sunt.
1666 1318 1751 1389 Var-

411 1427 502 1491 ronis
524 1447 564 1491 ea
587 1445 656 1491 esse
679 1424 733 1490 vix
761 1425 894 1509 negabis
904 1425 939 1505 ¹).
986 1430 1056 1491 tum
1088 1424 1191 1491 eidem
1222 1423 1280 1507 qui
1304 1422 1465 1489 Histriam
1484 1414 1666 1505 com
1697 1424 1752 1491 Li·

411 1530 562 1598 burniam
590 1522 779 1599 omi
803 1537 1081 1616 computaverunt.
1134 1551 1211 1596 nam
1242 1530 1334 1613 prius
1364 1530 1420 1593 alii
1447 1529 1622 1616 respondet
1650 1533 1752 1618 priori

412 1659 584 1704 mensurae
608 1639 779 1723 Agrippae
803 1659 887 1721 quae
910 1636 952 1703 ad
975 1636 1123 1703 Histriae
1145 1636 1317 1701 circuitum
1339 1636 1489 1719 pertinet,
1512 1637 1673 1720 posterius
1696 1639 1753 1702 alii

408 1744 555 1810 eiusdem
578 1764 748 1810 mensurae
771 1763 855 1827 quae
878 1743 922 1809 ad
944 1742 1139 1809 Liburniam
1162 1746 1195 1807 et
1218 1740 1423 1808 Flanaticum
1455 1742 1570 1812 sinum.
1615 1743 1751 1807 monadi

411 1852 543 1916 veroin
565 1848 757 1913 Flunotbum
779 1850 878 1912 anum
901 1847 1071 1934 Iapudiam
1088 1868 1260 1933 pwmocere
1289 1869 1309 1910 α
1338 1858 1420 1934 tergo
1441 1846 1577 1913 Hrbtrice
1610 1839 1751 1923 (ἶῖΧῖ

409 1958 481 2020 (ἰείη
502 1955 689 2019 Liburniam
712 1946 769 2019 CL
783 1955 887 2041 ferare.
932 1953 967 2019 hi
989 1955 1117 2021 numeri
1146 1975 1213 2023 non
1246 1956 1439 2022 conveniunt
1471 1976 1544 2021 cum
1575 1956 1749 2040 prioribus.

410 2083 432 2127 a
455 2068 547 2148 tergo
571 2063 655 2127 enim
678 2062 838 2143 Histriae,
861 2062 894 2131 h.
918 2082 947 2128 e.
970 2062 1012 2127 ab
1035 2062 1185 2128 Histriae
1208 2063 1325 2128 veteris
1348 2061 1412 2127 fine
1438 2062 1588 2129 orientali
1611 2063 1750 2148 Iapudia

410 2169 579 2252 usquead
602 2167 780 2235 Tedanium
804 2167 937 2234 fluvium
960 2168 1147 2235 extenditur
1175 2169 1209 2233 in
1240 2169 1400 2253 periegesi
1424 2173 1542 2249 3,110,
1576 2171 1632 2255 qui
1661 2171 1748 2238 haud

410 2276 505 2361 longe
527 2275 621 2342 abest
643 2276 685 2342 ab
708 2274 819 2343 Iader.
866 2276 1026 2343 Liburnia
1049 2282 1160 2342 antem
1182 2274 1314 2342 flumine
1337 2275 1433 2361 Tityo
1455 2277 1658 2360 terminatur,
1690 2278 1748 2361 qni

410 2382 455 2448 ab
478 2382 577 2449 Iader
598 2382 691 2448 abest
714 2383 757 2452 30
769 2381 812 2468 -l-
825 2386 868 2452 18
890 2404 934 2447 m.
949 2381 1021 2467 pi)
1041 2382 1155 2466 itaque
1181 2382 1239 2465 qui
1255 2382 1428 2466 Iapudiam
1447 2388 1634 2466 promovent
1660 2384 1749 2449 ultra

411 2488 576 2556 Histriam
606 2479 760 2566 OYXX,
795 2490 825 2554 ei
855 2508 920 2554 non
950 2491 1087 2572 possunt
1118 2488 1225 2555 iacere
1252 2487 1445 2556 Liburniam
1470 2480 1543 2558 ct]
1590 2489 1748 2575 Iapudiae

410 2617 486 2662 vero
510 2616 662 2662 mensura
685 2594 805 2679 optime
828 2595 986 2659 convenit.
1032 2593 1091 2659 sed
1113 2615 1198 2678 quae
1221 2598 1324 2659 restat
1347 2614 1405 2660 ora
1427 2616 1447 2659 a
1469 2594 1614 2662 Tedanio
1636 2596 1680 2662 ad
1693 2594 1747 2662 Ti·

408 2707 509 2786 tyum,
543 2723 582 2768 ea
606 2692 666 2769 CL
698 2722 761 2773 nou
791 2701 914 2784 recipit.
960 2721 1037 2785 ergo
1069 2700 1245 2767 Liburniae
1279 2722 1430 2767 mensura
1456 2700 1657 2768 emendanda
1686 2707 1746 2769 est.

408 2809 545 2894 proinde
572 2808 664 2874 abice
684 2797 722 2890 U,
743 2812 867 2873 restant
882 2797 930 2873 L:
954 2807 1020 2873 iam
1042 2808 1150 2873 omnia
1164 2812 1279 2891 aperta
1300 2812 1382 2873 sunt.
1428 2809 1553 2875 accedit
1567 2809 1655 2894 quod
1669 2814 1747 2875 tuuc

408 2915 584 2982 Liburniae
610 2936 761 2981 mensura
783 2916 895 2995 3,129
923 2915 1090 2999 proposita
1112 2903 1287 2979 01}OE
1309 2915 1430 2999 optime
1453 2915 1596 2980 cernitur
1622 2916 1656 2980 in
1678 2915 1746 2981 sin·

402 3023 491 3108 gulis
514 3023 672 3108 Iapudiae
695 3010 841 3089 effi
864 3029 896 3089 ct
911 3020 1089 3088 Liburniae
1111 3023 1244 3089 minoris
1264 3013 1303 3088 L.
1341 3043 1426 3106 quae
1440 3044 1514 3089 cum
1528 3023 1576 3088 ita
1590 3023 1665 3103 sint,
1688 3024 1745 3089 uni

405 3131 530 3196 auctori
557 3129 744 3195 tribuendas
776 3149 846 3194 esse
872 3129 981 3196 iudico
1004 3150 1171 3195 mensuras
1193 3128 1343 3194 Histriae
1363 3116 1542 3213 com
1565 3128 1745 3195 Liburniae

407 3227 765 3319 fflhuiusqne
788 3235 959 3302 divisiones
983 3235 1142 3321 Iapudiae
1165 3225 1311 3302 'OTXX
1331 3240 1364 3302 et
1386 3234 1563 3303 Liburniae
1585 3224 1624 3304 L.
1672 3257 1744 3304 cum
1789 3239 1798 3256 ‘

406 3363 481 3408 vero
513 3342 565 3408 his
599 3341 729 3408 Histria
765 3342 955 3427 paeninsula
986 3347 1056 3409 tota
1087 3341 1393 3427 comprehendatur,
1425 3364 1464 3409 ea
1493 3343 1535 3409 ad
1563 3343 1744 3412 Varronem

404 3450 526 3534 optime
556 3447 728 3534 quadrant
775 3449 891 3515 summi
923 3454 1031 3516 autem
1063 3449 1217 3516 momenti
1247 3454 1307 3530 est,
1341 3448 1428 3532 quod
1462 3470 1538 3515 orae
1571 3448 1744 3534 descriptio

404 3555 543 3622 eandem
570 3555 759 3622 divisionem
791 3556 939 3639 sequitur
969 3577 1068 3640 quam
1091 3556 1233 3626 Varroni
1264 3555 1473 3623 vindicamus.
1519 3556 1562 3623 ab
1594 3553 1745 3642 Agrippa

407 3665 509 3748 igitur
532 3663 637 3729 aliena
660 3669 718 3728 est.
766 3662 904 3747 denique
924 3661 1081 3729 Tuditani
1103 3662 1321 3747 fragmentum
1341 3663 1417 3747 quis
1432 3661 1541 3729 Plinio
1556 3663 1745 3749 praebuerit

404 3770 521 3839 neseio.
579 3770 686 3854 potuit
724 3790 803 3836 sane
836 3768 907 3836 fieri
941 3776 979 3836 ut
1013 3769 1101 3855 apud
1137 3769 1320 3839 Varronem
1354 3769 1491 3854 legeret,
1526 3771 1634 3855 potuit
1667 3790 1743 3836 casu

403 3877 570 3943 inventum
585 3877 654 3962 ipse
669 3875 798 3945 addere.
839 3897 1037 3961 quamquam
1052 3875 1110 3942 illo
1130 3877 1233 3961 magis
1248 3876 1375 3942 animus
1390 3876 1533 3958 inclinat,
1549 3877 1742 3962 praesertim

402 4003 478 4048 oum
500 3981 655 4048 Tuditani
686 4003 803 4048 nomen
833 3983 919 4048 inter
950 3989 1099 4048 auctores
1128 3982 1206 4049 libri
1236 3982 1296 4049 III
1327 3982 1537 4050 desideretur.
1582 3984 1638 4051 sed
1664 3983 1743 4049 data

402 4089 569 4155 occasione
591 4088 796 4155 librariorum
819 4089 853 4153 in
877 4088 989 4154 eodem
1012 4109 1154 4155 errorem
1183 4091 1354 4156 emendare
1377 4090 1483 4157 liceat.
1530 4111 1634 4175 neque
1657 4091 1742 4156 enim

403 4193 460 4259 illa
483 4194 589 4262 stadia
604 4195 640 4262 M
656 4197 738 4261 citra
760 4195 970 4280 suspicionem
993 4196 1074 4262 mihi
1097 4202 1181 4264 sunt.
1228 4217 1302 4262 nam
1326 4203 1477 4282 computa
1499 4217 1619 4283 quaeso
1641 4197 1740 4263 uam:

492 4320 532 4384 ab
557 4318 711 4402 Aquileia
733 4319 886 4402 Tergeste
934 4367 1441 4390 ..........
1487 4324 1530 4390 23
1553 4342 1595 4387 m.
1618 4343 1650 4406 p.

491 4423 567 4490 inde
589 4425 722 4492 Formio
760 4473 1439 4496 .............
1505 4429 1525 4496 6
1553 4448 1595 4492 m.
1618 4449 1650 4511 p.

491 4531 639 4598 Histriae
660 4531 801 4599 latitudo
820 4580 1439 4605 ............
1474 4535 1529 4601 10
1552 4554 1593 4599 m.
1617 4556 1649 4618 p.

490 4638 651 4723 Iapudiae
674 4645 707 4706 et
729 4637 909 4708 Liburniae
924 4684 1436 4712 ..........
1462 4639 1527 4708 180
1550 4659 1592 4708 m.
1617 4661 1649 4724 p.

510 4886 533 4956 ¹)
551 4885 604 4942 ulii
622 4886 656 4941 ad
677 4885 833 4942 Varronem
852 4890 960 4956 spectat
977 4887 1049 4944 siout
1066 4889 1093 4956 4,
1103 4887 1138 4943 le
1157 4885 1193 4942 ab
1204 4883 1303 4941 Histri
1320 4882 1392 4939 ordo
1410 4881 1448 4940 ad
1464 4898 1495 4937 os
1507 4881 1594 4939 Posti
1603 4900 1738 4955 porum

400 4967 438 5029 Π
449 4975 500 5032 olii
515 4976 603 5049 fecere
621 4976 655 5032 el.
674 4977 700 5044 4,
711 4975 755 5031 78.

509 5067 530 5137 ¹)
549 5064 616 5124 ibid
