4275 6025
1063 684 1128 750 108

427 893 640 979 significatur.
674 910 740 979 qua
762 894 796 961 in
819 914 878 961 ora
892 895 954 961 tris
969 894 1057 961 sinus
1071 896 1193 962 frustra
1210 894 1418 979 quaesiveris.
1455 895 1642 962 nominatur
1656 901 1765 963 autem

427 1001 476 1067 in.
492 1002 563 1086 ipsa
592 1000 808 1086 descriptione
842 1023 925 1068 unus
955 1000 1138 1072 Scolaceus.
1184 1000 1236 1069 fac
1268 1002 1406 1069 duorum
1439 1003 1572 1067 nomina
1601 1023 1622 1068 a
1656 1002 1765 1069 Plinio

428 1107 547 1175 omissa
570 1129 654 1174 esse:
678 1114 787 1175 tamen
810 1129 851 1176 ne
865 1109 927 1175 hac
942 1110 1075 1194 quidem
1090 1110 1214 1177 ratione
1231 1107 1440 1176 difficultates
1455 1109 1633 1179 solvuntur.
1668 1130 1764 1193 aegre

426 1213 514 1279 enim
536 1214 570 1280 in
591 1213 651 1280 illa
673 1234 752 1280 orae
773 1220 866 1299 parte
893 1220 959 1281 tres
986 1216 1076 1281 sinus
1098 1216 1312 1285 inveniantur.
1358 1214 1483 1281 accedit
1513 1211 1599 1298 quod
1628 1214 1672 1280 ad
1693 1213 1764 1280 Au·

428 1321 552 1386 scnium
574 1341 664 1385 mare
687 1319 721 1385 in
744 1320 929 1387 universum
951 1320 1147 1404 referuntur,
1171 1320 1256 1387 unde
1271 1320 1398 1405 longius
1413 1340 1588 1405 evagamur
1602 1341 1706 1405 usque
1721 1321 1764 1387 ad

428 1424 624 1494 Sallentinos
649 1424 703 1513 (cf.
729 1429 760 1506 3,
773 1428 831 1510 743
856 1431 907 1509 14,
921 1426 989 1514 69).
1027 1424 1127 1512 quid?
1161 1427 1248 1512 quod
1262 1427 1333 1512 ipsa
1352 1424 1450 1492 verba
1472 1427 1575 1491 ardus
1591 1426 1764 1492 constricta

427 1552 497 1597 esse
520 1552 579 1598 neo
601 1531 684 1597 bene
706 1528 879 1597 cohaerere
901 1530 988 1597 inter
1010 1552 1044 1598 se
1066 1529 1237 1598 videntur?
1275 1533 1348 1616 quis
1372 1531 1456 1597 enim
1479 1531 1561 1597 alias
1583 1532 1665 1599 baec
1691 1553 1765 1598 con·

427 1638 601 1705 iunxisset:
624 1638 657 1701 r'rt
680 1639 733 1701 tria
755 1640 838 1702 sinus
853 1640 987 1702 recedens
1001 1638 1131 1703 Ausonii
1152 1641 1256 1714 amris,
1280 1640 1360 1724 qaod
1377 1638 1513 1703 Ausones
1535 1649 1650 1704 terruere
1667 1641 1767 1726 primi

427 1743 485 1811 ubi
507 1747 586 1831 quod
607 1766 648 1813 ex
669 1766 730 1811 usu
752 1744 904 1811 Pliniano
926 1766 989 1811 non
1011 1767 1189 1830 pronomen
1212 1752 1271 1826 est,
1295 1745 1353 1812 sed
1384 1746 1551 1811 causativa
1582 1744 1763 1829 particula?

428 1852 541 1936 itaque
563 1873 638 1919 cum
659 1874 680 1919 a
699 1851 906 1921 Varroniano
928 1852 1044 1920 frontis
1067 1854 1197 1920 notione
1218 1854 1270 1919 illi
1292 1854 1380 1919 sinus
1402 1852 1600 1919 abhorreant
1622 1890 1666 1902 —
1688 1875 1764 1920 nam

428 1959 557 2025 omuino
580 1960 668 2026 sinus
691 1982 711 2026 a
734 1959 839 2027 fronte
862 1960 959 2026 alieni
981 1966 1067 2039 sunt,
1100 1966 1272 2046 propterea
1298 1958 1385 2044 quod
1413 1979 1477 2025 non
1503 1963 1651 2043 spectant
1672 1980 1765 2025 mare

428 2072 576 2152 apertum
599 2106 652 2147 -‚
675 2067 806 2133 aliunde
827 2067 871 2133 ad
895 2068 963 2134 eius
986 2068 1165 2135 doctrinam
1187 2067 1292 2133 additi
1313 2067 1379 2133 siut
1393 2087 1521 2134 necesse
1543 2072 1602 2133 est.

539 2175 643 2241 simile
681 2172 836 2258 quiddam
869 2176 1077 2242 observamus
1107 2176 1141 2241 in
1171 2175 1306 2241 alterius
1336 2175 1424 2240 sinus
1456 2172 1764 2257 circumscriptione,

429 2301 514 2365 quae
536 2281 649 2366 incipit
671 2279 723 2346 his
745 2279 864 2346 verbis:
898 2283 928 2362 3,
942 2284 984 2352 97
1014 2305 1033 2343 a
1056 2279 1186 2345 Lacinio
1211 2282 1424 2367 promunturio
1454 2281 1598 2343 recordor
1620 2279 1766 2365 Europae

427 2389 509 2451 ainus
531 2388 640 2474 incipit
661 2410 771 2473 mcprro
795 2388 910 2451 ambitis
925 2386 1018 2463 decue
1033 2399 1061 2452 et
1076 2388 1296 2451 Acroceraunio
1311 2384 1406 2472 Epiri
1418 2386 1527 2474 finitur
1541 2388 1762 2471 promunturio.

428 2516 448 2558 o
478 2516 536 2581 qao
569 2495 649 2559 odeat
671 2486 820 2565 [XX-V.
865 2495 919 2561 bic
947 2495 1067 2562 bonum
1095 2494 1237 2561 Plinium
1269 2494 1365 2579 plane
1395 2491 1599 2558 incredibilia
1628 2513 1764 2558 narrare

427 2599 635 2668 Detlefsenus
658 2603 835 2673 adnotavit.
882 2624 920 2670 ac
941 2603 1085 2688 profecto
1108 2603 1253 2688 quisquis
1275 2600 1326 2666 vel
1350 2599 1448 2666 semel
1475 2599 1622 2666 tabulam
1642 2600 1764 2684 pictam

427 2707 515 2774 orbis
538 2709 645 2776 obiter
667 2709 903 2794 contemplatus
927 2715 984 2791 est,
1010 2708 1066 2775 ubi
1089 2709 1296 2793 partitionem
1319 2705 1483 2791 quandam
1510 2725 1587 2772 orae
1610 2705 1763 2790 Europae

427 2813 648 2883 meridionalis
680 2815 885 2899 quaesiverit,
923 2835 988 2880 nou
1022 2813 1264 2880 Acroceraunio
1296 2812 1529 2897 promunturio,
1565 2811 1622 2877 sed
1654 2811 1766 2877 Malea

428 2920 534 2985 sinum
562 2920 741 2986 tertiuma
770 2920 910 2987 secundo
936 2919 1220 2985 disterminaverit.
1265 2938 1370 3002 neque
1401 2919 1486 2983 enim
1516 2938 1574 2984 ora
1596 2919 1637 2983 ab
1660 2917 1764 2984 Acro·

428 3029 587 3094 cerauniis
625 3049 729 3114 usque
766 3029 810 3095 ad
841 3027 1094 3112 Hellespontum
1131 3028 1238 3093 sinum
1271 3024 1380 3094 efficit.
1437 3025 1523 3090 unde
1561 3026 1764 3111 cognoscitur

428 3133 572 3200 Plinium
595 3135 681 3201 inter
696 3134 936 3202 lucubrationes
951 3133 1043 3199 libris
1057 3154 1151 3199 usum
1172 3153 1250 3213 esse,
1267 3131 1412 3198 tabulam
1430 3131 1606 3217 Vipsaniae
1618 3133 1764 3217 porticus

428 3241 527 3306 semel
550 3246 679 3307 tantum
702 3239 820 3306 adiisse
841 3238 882 3306 de
898 3237 1044 3305 Charace
1062 3238 1191 3324 oppido,
1215 3258 1280 3322 quo
1303 3238 1372 3303 loco
1395 3235 1516 3303 diserte
1539 3237 1609 3303 eius
1624 3238 1764 3303 auctori·

427 3350 529 3413 tatem
555 3345 671 3416 adfert.
716 3351 752 3413 at
773 3345 955 3415 Varronem
985 3365 1156 3431 perperam
1188 3343 1334 3411 divisisse
1366 3345 1439 3428 quis
1471 3343 1600 3412 dixerit.
1646 3342 1763 3428 quodsi

427 3471 539 3517 verum
562 3457 657 3532 esset,
687 3451 855 3519 doctrinae
877 3453 948 3518 eius
970 3452 1092 3536 gloriae
1116 3452 1210 3519 valde
1241 3452 1496 3518 imminueretur.
1542 3450 1602 3516 sed
1625 3450 1764 3516 feliciter

428 3557 546 3624 accidit
568 3558 656 3642 quod
678 3560 739 3627 hoc
761 3559 832 3627 loco
854 3559 942 3646 apud
965 3560 1085 3627 Melam
1110 3565 1141 3642 1,
1155 3563 1196 3630 17
1219 3560 1360 3643 genuina
1385 3558 1520 3644 partitio
1542 3563 1671 3624 servata
1702 3565 1760 3625 est.

428 3685 540 3731 verum
564 3667 662 3732 etiam
685 3688 725 3732 ex
740 3667 848 3734 Plinio
870 3668 942 3753 ipso
965 3666 1106 3734 dilucide
1130 3667 1343 3751 cognoscitur,
1369 3671 1568 3752 quantopere
1582 3665 1638 3731 ille
1652 3664 1764 3749 lapsus

343 3783 345 3786 ’
427 3771 479 3839 sit.
525 3794 602 3838 nam
629 3775 795 3841 enuntiato
830 3797 850 3839 a
883 3797 943 3860 quo
969 3774 1050 3840 obeat
1066 3764 1218 3838 Z'XYV
1240 3772 1422 3840 subiectum
1456 3780 1507 3839 est
1541 3774 1656 3857 utique
1689 3792 1761 3856 pro·

426 3878 626 3945 montorium
641 3879 821 3962 Lacinium,
846 3881 874 3947 ai
893 3885 999 3947 artem
1018 3881 1168 3950 consulis.
1207 3900 1303 3947 sensu
1325 3886 1433 3945 tamen
1449 3879 1512 3946 boc
1525 3879 1621 3964 plane
1636 3899 1762 3944 cassum

427 3992 477 4052 est
485 3985 521 4073 ¹).
567 4006 642 4052 nam
669 3989 755 4054 inter
779 3987 952 4054 Lacinium
982 3992 1016 4054 et
1043 3988 1216 4074 Iapygiam
1246 3989 1473 4072 promunturia
1494 3977 1531 4054 '0‘
1545 4007 1578 4070 p.
1605 3985 1764 4051 interesse

427 4092 555 4159 Plinius
594 4093 664 4177 ipse
694 4097 836 4159 testatur
869 4096 899 4174 3,
914 4095 967 4173 99,
1000 4112 1084 4178 quae
1115 4113 1267 4159 mensura
1300 4093 1376 4160 licet
1409 4093 1507 4178 paulo
1539 4092 1663 4175 largior
1692 4110 1763 4156 esse

424 4198 577 4265 videatur
585 4196 623 4286 ²),
646 4206 755 4266 tamen
776 4199 868 4265 nulla
890 4200 1017 4266 ratione
1040 4220 1114 4265 oum
1136 4199 1194 4266 illa
1216 4200 1374 4270 convenit.
1420 4199 1546 4266 accedit
1567 4199 1652 4264 enim
1675 4218 1764 4264 men·

427 4323 503 4369 sura
525 4325 609 4388 quae
625 4307 728 4372 currit
742 4305 784 4373 ab
800 4306 919 4372 Italiae
934 4325 992 4371 ora
1007 4325 1110 4390 usque
1125 4304 1168 4371 ad
1185 4306 1442 4372 Acroceraunios
1457 4311 1582 4372 montes
1597 4303 1638 4371 ci.
1655 4305 1760 4381 3145

431 4406 553 4472 Ονίοιιση
572 4447 617 4458 -
635 4411 725 4495 quod
748 4410 903 4498 oppidum
926 4432 1027 4496 prope
1050 4411 1155 4478 abeis
1171 4411 1264 4478 abest
1282 4451 1328 4462 —
1350 4436 1369 4475 a
1391 4411 1557 4477 Sollemiac
1573 4459 1581 4479 .
1598 4460 1607 4478 .
1623 4400 1763 4475 [XXX

427 4515 527 4582 dator.
571 4536 656 4600 quae
678 4537 751 4582 cum
774 4517 822 4582 ita
844 4517 918 4596 sint,
942 4517 1099 4584 maximas
1122 4537 1143 4584 a
1164 4516 1274 4584 Plinio
1296 4517 1443 4584 turbelas
1464 4518 1569 4584 iactas
1595 4537 1665 4584 esse
1687 4538 1761 4584 con·

427 4621 573 4691 cesseris.
618 4642 714 4687 verae
736 4629 845 4690 autem
866 4643 1036 4689 mensurae
1058 4623 1156 4707 vulgo
1178 4622 1383 4690 ferebantur:
1409 4623 1449 4690 ci.
1473 4623 1649 4708 Agatbem.
1695 4626 1761 4704 3,8

428 4724 707 4814 (GGM11473)
731 4726 769 4793 τὸ
792 4726 826 4792 ot
854 4727 959 4810 στόμα
982 4727 1041 4794 τοῦ
1064 4722 1243 4815 Ἀδρίου..
1266 4724 1332 4809 ἔχει
1363 4725 1520 4794 διάπλουν
1551 4728 1688 4794 σταδίων
1720 4727 1759 4815 ψ’
1794 4743 1799 4750 ’

426 4883 640 4900 au—-d——nn

536 4973 558 5041 ¹)
577 4987 629 5028 nec
646 4974 771 5028 mutatur
788 4989 833 5028 res
851 4974 899 5029 ubi
917 4990 978 5030 cum
997 4976 1080 5033 liert.
1098 4973 1166 5044 Gap.
1185 4975 1238 5032 6b0
1253 4966 1408 5033 LXXXV
1419 4975 1573 5034 scribimus.

534 5060 559 5131 ¹)
577 5061 631 5118 700
649 5061 739 5116 stedia
757 5062 906 5118 secundum
923 5061 1072 5134 Polybium
1091 5064 1191 5134 (suan
1209 5066 1283 5135 261).
