4275 6025
1010 704 1050 767 15

363 916 433 983 loco
456 915 559 981 ullum
583 916 773 999 scriptorem
794 915 882 1000 apud
904 916 1091 1000 Agrippam
1113 915 1284 982 laudatum
1314 915 1413 981 fuisse
1444 914 1698 1001 demonstratur,

362 1042 445 1107 quae
474 1042 526 1086 res
561 1020 678 1085 summi
712 1042 789 1087 sane
823 1022 977 1087 momenti
1011 1028 1060 1086 est
1094 1021 1137 1086 ad
1174 1021 1315 1088 indolem
1348 1023 1454 1107 operis
1489 1022 1576 1088 illiue
1610 1030 1698 1090 recte

363 1127 605 1193 aestimandam.
651 1135 751 1213 atque
774 1128 834 1194 hoc
857 1129 926 1214 ipso
949 1128 1020 1194 loco
1041 1129 1219 1194 certissima
1234 1129 1358 1194 ratione
1372 1129 1502 1214 assequi
1517 1150 1695 1214 possumus,

363 1232 479 1298 falsam
502 1252 569 1298 esse
592 1253 665 1298 cum
688 1231 901 1299 Oehmicheni
923 1239 992 1299 tum
1010 1233 1158 1299 Fischeri
1181 1233 1419 1319 sententiam1).
1466 1256 1542 1300 nam
1565 1237 1594 1301 si
1609 1258 1696 1302 men·

363 1361 455 1405 suras
487 1342 517 1416 5,
532 1342 562 1408 9.
588 1345 630 1409 10
662 1340 959 1427 contemplabimur,
993 1361 1104 1406 omnes
1134 1340 1404 1425 multiplicatione
1435 1343 1559 1407 numeri
1590 1341 1697 1410 CXII

364 1451 451 1511 ortas
474 1467 543 1511 esse
570 1446 722 1514 elucebit:
745 1447 863 1512 Linum
891 1471 910 1510 o
938 1445 1092 1512 Gaditano
1116 1445 1197 1533 freto
1220 1437 1324 1511 UXTI
1345 1447 1442 1511 obeam
1466 1494 1474 1511 .
1499 1499 1508 1517 .
1535 1499 1542 1515 .
1571 1460 1696 1532 portum

363 1552 494 1616 Rutubis
525 1576 544 1616 u
576 1553 657 1618 Lino
689 1544 893 1620 mil-I
909 1605 916 1620 .
941 1603 949 1620 .
974 1606 981 1621 .
1008 1557 1078 1618 dnn
1108 1556 1205 1618 sinum
1229 1545 1385 1618 DUX—VT
1408 1555 1442 1638 (i.
1466 1554 1543 1643 ἢν
1567 1552 1695 1637 ΟΧΙΙ).

362 1661 396 1726 id
409 1660 494 1744 quod
507 1663 595 1727 casui
610 1662 752 1728 tribuere
768 1660 929 1728 nonlicet.
952 1684 1027 1728 nam
1038 1651 1148 1727 UX‘H
1164 1683 1195 1744 p.
1211 1660 1279 1727 fere
1291 1661 1486 1744 respondent
1498 1664 1563 1731 900
1582 1661 1696 1726 stadiis

363 1769 443 1852 (896
467 1769 533 1854 st).
586 1769 620 1833 in
654 1767 719 1834 illis
753 1772 861 1833 autem
896 1766 1080 1849 regionibus
1114 1765 1240 1830 dierum
1273 1764 1446 1831 itineribus
1480 1772 1696 1850 computatur,

363 1875 403 1943 of.
428 1879 515 1952 5,10
538 1877 726 1960 sarmaticae
741 1876 858 1937 dierum
874 1896 908 1935 uc
923 1877 1054 1936 nocuum
1069 1870 1213 1958 decenrl).
1258 1872 1357 1956 igitur
1373 1862 1479 1939 Ἦ
1492 1894 1524 1956 p.
1548 1872 1696 1960 duarum,

361 1971 557 2049 ffilii
571 1987 738 2065 quattuor,
751 1970 909 2046 ’ΒὉῨἯ
921 1979 1069 2044 undecim
1086 1978 1212 2043 dierum
1227 1977 1337 2042 itineri
1352 1978 1595 2045 accommodata
1610 1987 1695 2047 sunt.

362 2094 466 2155 restat
487 2089 593 2172 prima
624 2106 777 2151 mensura
807 2088 877 2166 5‚9
914 2074 1194 2148 CCCCLXXXX
1203 2082 1253 2147 VI
1275 2083 1310 2148 in
1340 2105 1405 2168 qua
1437 2105 1510 2151 cum
1544 2107 1697 2152 numerus

363 2193 516 2258 denarius
546 2198 579 2257 et
608 2191 782 2276 singularis
812 2191 990 2270 conveniat,
1020 2191 1165 2256 nascitur
1195 2190 1335 2274 suspicio
1368 2190 1422 2256 hic
1448 2213 1576 2277 quoque
1606 2192 1697 2259 illam

366 2299 635 2382 computationem
681 2297 819 2364 subesse.
889 2296 976 2363 facili
1023 2302 1133 2362 autem
1177 2318 1275 2382 opera
1319 2298 1503 2363 restituitur
1544 2321 1697 2366 numerus

363 2394 676 2471 DCCCL-xm
702 2405 723 2470 i.
760 2404 859 2470 octies
889 2393 997 2470 UXH
1024 2402 1057 2472 h.
1087 2424 1114 2472 e.
1146 2403 1283 2470 sedecim
1314 2404 1439 2470 dierum
1470 2406 1533 2470 iter
1541 2405 1576 2491 ⁸).
1631 2427 1697 2490 quo

365 2531 498 2576 numero
521 2510 607 2576 haud
631 2511 697 2576 scio
720 2531 763 2576 an
785 2510 884 2576 totins
907 2509 1122 2594 navigationis
1145 2509 1233 2576 illius
1256 2511 1398 2596 spatium
1420 2511 1590 2578 indicetur.

452 2617 486 2681 in
509 2617 593 2682 hano
615 2617 732 2683 seriem
753 2616 843 2682 nullo
866 2615 961 2682 modo
983 2622 1094 2701 potest
1115 2615 1230 2682 reterri
1252 2638 1402 2683 mensura
1417 2618 1588 2702 Agrippae
1602 2619 1641 2682 ob
1664 2642 1697 2684 eo

362 2722 478 2786 Linum
495 2713 588 2789 CCV.
621 2723 844 2808 acceditquod
859 2745 899 2789 ne
915 2744 1051 2807 quorsus
1067 2729 1193 2807 spectet
1208 2723 1339 2809 quidem
1355 2724 1557 2809 perspicitur.
1593 2747 1698 2810 neque

362 2831 447 2895 enim
469 2850 644 2915 pronomen
667 2830 705 2893 ab
728 2852 760 2894 eo
783 2830 825 2896 ad
848 2830 986 2896 Anatim
1009 2828 1143 2895 fluvium
1166 2828 1289 2896 referre
1311 2829 1433 2916 licet⁴).
1479 2830 1575 2914 plane
1597 2831 1698 2915 igitur

362 2936 537 3021 abruptum
560 2956 629 3002 esse
651 2935 871 3021 fragmentum
893 2956 914 3001 a
935 2934 1043 3000 Plinio
1066 2935 1100 2999 in
1123 2935 1269 3021 margine
1296 2934 1490 3001 collocatum
1521 2941 1557 3001 ut
1588 2938 1697 3003 nescio

362 3065 427 3128 quo
449 3043 520 3110 loco
542 3045 750 3123 insereretur,
773 3063 794 3108 a
816 3042 916 3107 servis
938 3041 1083 3107 librariis
1105 3039 1148 3105 ad
1171 3039 1289 3106 falsum
1317 3040 1423 3107 locum
1454 3041 1595 3108 relatum
1624 3043 1696 3109 luce

363 3152 481 3218 clarius
505 3155 563 3216 est.
610 3171 670 3216 nec
691 3150 796 3234 magis
818 3149 880 3215 hoc
902 3149 1020 3214 mirum
1043 3169 1143 3232 quam
1174 3152 1204 3227 5,
1224 3151 1265 3219 65
1298 3169 1482 3214 mensuram
1513 3170 1535 3215 a
1564 3148 1696 3216 Pelusio

362 3257 526 3324 Arsinoen
541 3257 660 3324 falsum
675 3258 782 3324 locum
797 3276 971 3340 occupasse
978 3255 1016 3340 ὓ).
1048 3254 1276 3339 comprobatur
1291 3259 1400 3320 autem
1416 3256 1544 3339 egregie
1560 3257 1594 3321 id
1609 3257 1696 3341 quod

363 3362 600 3433 Oohmiohenus
622 3366 645 3435 l.
669 3365 691 3433 l.
715 3365 872 3449 exposuit,
905 3369 1019 3448 postea
1047 3364 1171 3429 inserta
1201 3385 1270 3430 esse
1300 3364 1484 3446 fragmenta
1515 3362 1696 3448 Agrippae.

363 3469 425 3536 hoc
446 3492 486 3537 ne
501 3470 727 3539 Schwederum
749 3471 880 3557 quidem
902 3472 998 3557 fugit,
1022 3472 1078 3555 qui
1098 3469 1142 3537 ad
1157 3468 1428 3556 chorographiam
1444 3469 1574 3553 qualem
1589 3469 1696 3536 animo

364 3598 422 3643 suo
444 3575 545 3661 finxit,
569 3580 678 3646 omnia
698 3579 860 3645 relaturus
875 3584 932 3646 est.
978 3579 1091 3661 itaque
1105 3577 1274 3662 Agrippae
1289 3597 1456 3643 mensuras
1471 3576 1505 3640 in
1520 3574 1587 3639 alia
1601 3582 1696 3658 parto

363 3682 617 3769 chorographiac
639 3691 738 3770 atque
759 3684 950 3769 perlegerim
974 3684 1120 3749 extitisse
1139 3683 1250 3764 edixit,
1275 3681 1460 3749 coniectura
1477 3680 1696 3745 coniecturam

362 3788 534 3856 effuloiens.

450 3903 652 3963 transeamus
675 3894 719 3961 ad
733 3895 961 3981 Augustum.
1007 3895 1058 3961 cui
1080 3894 1211 3962 tabulae
1230 3894 1422 3980 oppidorum
1437 3890 1696 3977 populorumque

471 4107 492 4177 ¹)
510 4123 545 4160 ne
564 4106 769 4162 hiaximilianue
787 4106 818 4164 0.
836 4105 868 4161 P.
887 4106 1013 4162 Schmidt
1030 4105 1142 4175 quidem
1154 4105 1250 4163 Jahrb.
1264 4107 1316 4160 125
1336 4105 1429 4175 (1882)
1446 4121 1474 4173 p.
1488 4104 1541 4159 124
1552 4102 1696 4173 Agrippae

360 4192 547 4263 fragmentum
564 4198 641 4247 recte
660 4193 883 4264 circumscripsit.

470 4283 542 4349 ‘tac
565 4281 698 4352 Polybius
721 4282 894 4351 potissimum
918 4282 1141 4337 mathematicam
1164 4280 1349 4352 geographiae
1370 4281 1508 4336 rationem
1530 4285 1696 4348 aspamatus

361 4374 411 4440 est,
431 4369 465 4425 oi.
484 4372 521 4427 n.
540 4370 570 4425 0.
589 4370 620 4428 P.
640 4370 775 4439 Schmidt,
794 4371 825 4427 de
843 4370 952 4443 Polybii
969 4371 1134 4443 geographie
1152 4372 1222 4427 1876
1240 4388 1267 4439 p.
1281 4373 1324 4427 32.
1361 4370 1400 4427 Η.
1413 4372 1529 4439 Berger‚
1546 4366 1697 4423 Drdtunde

360 4458 408 4515 der
427 4459 561 4515 murtea
580 4459 662 4516 ‘1903
681 4475 707 4528 p.
727 4460 825 4527 tltsq.

471 4548 491 4621 ³)
510 4549 546 4603 de
563 4547 649 4606 Anati
670 4547 755 4603 fluvio
776 4547 859 4617 plene
876 4548 917 4601 nil
935 4549 1045 4603 scimus.
1082 4563 1172 4616 neque
1189 4546 1246 4600 ulla
1264 4547 1461 4615 probabilitate
1479 4561 1514 4598 ex
1532 4543 1604 4599 Plin.
1622 4545 1695 4610 5,13

360 4637 530 4693 concludunt
547 4640 670 4692 Asanam
687 4637 733 4692 vel
750 4637 883 4691 Asamum
900 4636 985 4707 (Ptol.
1002 4639 1025 4702 4,
1036 4639 1061 4707 1,
1072 4637 1101 4705 3)
1120 4635 1238 4689 eundem
1256 4652 1317 4691 essa
1331 4635 1453 4701 fluvium,
1472 4651 1542 4704 quae
1559 4633 1697 4689 sententia

360 4732 405 4785 cst
425 4727 558 4783 Iohannis
575 4726 702 4783 Schmidt
719 4725 990 4797 Pauly-wissowal
1013 4724 1092 4782 2070.
1133 4741 1167 4778 ac
1189 4741 1224 4778 ns
1242 4722 1346 4793 ’Avtdqr
1368 4724 1480 4795 quidem
1499 4720 1619 4791 Scylacie
1642 4722 1696 4776 112

360 4821 426 4885 apte
443 4821 539 4886 potest
555 4818 717 4887 comparari.

469 4907 491 4977 ⁴)
511 4906 637 4974 equidem
654 4905 729 4960 haud
746 4906 803 4961 seio
821 4922 858 4959 an
876 4904 912 4961 ab
929 4920 958 4961 co
976 4905 1011 4959 ad
1023 4903 1167 4958 Atlantem
1181 4904 1331 4975 pertineat,
1349 4903 1422 4960 siout
1439 4899 1638 4970 interpretatus
1651 4899 1697 4950 eet

359 4994 469 5051 Solium
487 4996 584 5066 24,11.

469 5085 491 5154 ⁶)
511 5084 617 5153 quade
636 5100 665 5140 re
685 5082 720 5140 cf.
741 5081 943 5138 Oehmichenus
961 5081 1035 5138 Ptin.
1055 5080 1133 5138 Stud.
1154 5084 1225 5140 1880
1243 5101 1271 5154 p.
1289 5081 1333 5138 20.
