4275 6025
1000 679 1064 744 169

367 893 454 980 quod
476 894 586 976 5127
608 892 636 956 is
659 889 779 956 diserte
800 887 964 968 landatur,
982 909 1077 973 quem
1093 894 1223 972 praetor
1237 886 1420 954 Varronem
1435 885 1617 953 adhibitum
1633 907 1701 953 esse

368 1000 571 1081 coniecimns,
595 998 754 1065 Isidorus.

478 1105 544 1170 iam
573 1109 746 1188 postquam
776 1101 820 1167 ad
842 1101 1089 1185 Hellespontum
1112 1106 1303 1185 perventum
1327 1106 1385 1183 551,
1405 1123 1501 1186 quem
1525 1101 1558 1165 in
1582 1099 1703 1168 Varro·

367 1212 466 1279 51555
490 1208 639 1293 Europae
671 1229 800 1293 quoque
828 1206 982 1273 divisione
1011 1207 1128 1272 summi
1155 1207 1311 1272 momenti
1333 1206 1434 1273 fuisse
1456 1227 1520 1273 non
1543 1207 1705 1273 inutiliter

367 1319 422 1384 hic
450 1317 675 1396 monuerimus,
707 1314 886 1380 insularum
917 1313 1091 1398 descriptio
1123 1313 1316 1380 absolvitur:
1348 1317 1515 1399 5,128sq.
1571 1335 1652 1399 quas
1684 1336 1705 1379 5

368 1424 478 1491 Plinio
500 1423 542 1487 ab
564 1442 640 1488 orae
662 1420 876 1505 descriptione
899 1420 1023 1486 avolsas
1046 1441 1115 1486 esse
1138 1441 1238 1504 supra
1258 1419 1558 1490 demonstravimus.
1587 1422 1705 1486 Varro·

369 1523 485 1596 nianae
514 1534 623 1594 antem
648 1527 781 1611 originis
810 1526 845 1591 in
876 1547 914 1592 eo
945 1547 1075 1610 quoque
1102 1533 1280 1593 cernuntur
1306 1528 1452 1612 vestigia,
1485 1527 1571 1611 quod
1601 1528 1706 1594 maria

370 1638 620 1723 5155151517
642 1633 836 1718 promissum
859 1638 893 1697 et
915 1633 948 1697 in
970 1633 1129 1717 periegesi
1151 1633 1273 1699 factum
1296 1639 1353 1716 est,
1380 1633 1555 1700 secundum
1579 1634 1705 1700 accolas

370 1742 565 1809 dividuntur.

482 1852 591 1931 5,129
614 1846 832 1932 Pamphylium
854 1867 938 1908 marc
959 1846 1096 1930 19555115
1118 1848 1232 1910 insulas
1254 1848 1351 1915 55551.
1400 1869 1477 1930 ergo
1499 1849 1534 1914 in
1549 1850 1707 1934 periegesi

370 1957 508 2022 omissae
530 1960 633 2021 erant.
676 1960 714 2019 at
737 1956 843 2031 5,131
868 1952 901 2017 in
916 1953 1013 2036 Lycio
1036 1954 1119 2018 mari
1143 1955 1303 2037 quaedam
1325 1961 1617 2022 commemorantur
1631 1962 1708 2022 ante

370 2061 596 2147 Pamphyliam
626 2061 719 2140 sitae,
750 2080 778 2125 e.
801 2081 831 2143 g.
856 2058 1081 2125 Attelebnssa.
1128 2082 1204 2145 ergo
1227 2061 1311 2127 alius
1334 2068 1449 2128 auctor
1470 2063 1518 2128 ibi
1541 2061 1708 2130 adhibitus

372 2177 430 2249 est,
455 2169 511 2252 qui
525 2165 712 2251 Pamphylii
733 2167 833 2231 maris
855 2165 1018 2231 notionem
1040 2187 1105 2232 non
1129 2168 1227 2237 novit.
1274 2168 1359 2233 idem
1380 2169 1538 2252 probatur
1552 2169 1708 2236 Leucolla

373 2279 405 2354 5,
417 2278 460 2344 06
490 2275 524 2339 15
553 2294 619 2354 ora,
651 2278 682 2354 5,
697 2276 759 2340 131
792 2273 878 2337 inter
905 2272 1027 2337 insulas
1050 2279 1248 2342 enumerata.
1294 2280 1365 2340 tum
1388 2273 1508 2341 Macris
1530 2276 1637 2341 insula
1658 2277 1709 2342 bis

372 2382 479 2465 posita
493 2381 562 2464 ipsa
577 2399 708 2463 quoque
722 2379 1004 2444 contaminationis
1018 2378 1161 2444 Plinium
1177 2380 1346 2446 convincit.
1379 2379 1517 2466 denique
1533 2382 1708 2448 secundum

372 2487 553 2572 periegesin
576 2509 597 2552 a
611 2485 775 2552 Telmesso
791 2484 976 2550 Asiaticum
998 2507 1087 2551 mare
1110 2488 1176 2553 sive
1192 2485 1406 2572 Carpathium
1430 2489 1570 2575 (5101)
1586 2489 1709 2573 incipit.

373 2600 409 2659 51
430 2593 555 2659 1555155
577 2592 664 2657 ultra
678 2592 764 2656 5555
779 2589 874 2656 finem
888 2588 1007 2675 Lyciae
1022 2592 1247 2675 producuntur
1263 2601 1378 2660 neutro
1393 2616 1433 2660 ex
1447 2595 1512 2660 illis
1527 2596 1710 2661 nominibus

374 2700 495 2766 adlato.
540 2720 615 2765 nam
636 2695 797 2764 Glaucum
820 2717 948 2763 amnem
970 2699 1005 2762 in
1019 2695 1119 2764 Caria
1142 2699 1243 2765 fluere
1268 2705 1378 2782 5,100
1401 2707 1434 2768 51
1457 2705 1566 2781 5107
1590 2701 1711 2766 diserte

373 2806 526 2873 traditur.
578 2804 664 2871 unde
693 2803 831 2869 alterum
861 2803 954 2869 illum
976 2810 1142 2871 auctorem
1165 2808 1268 2872 maria
1286 2829 1349 2873 non
1373 2808 1414 2874 ab
1437 2809 1557 2874 accolis
1579 2829 1711 2875 vocasse

374 2913 527 2979 cernitur.
583 2911 667 2976 adde
701 2909 789 2994 quod
818 2910 929 2975 Aulon
961 2908 1104 2992 Cilicius,
1142 2914 1197 2997 qui
1233 2917 1343 2995 5,130
1377 2921 1655 2994 commemoratur,
1691 2936 1712 2980 a

374 3021 533 3106 periegesi
562 3018 687 3084 alienus
721 3024 780 3097 est,
814 3017 872 3082 ubi
906 3017 1019 3084 eadem
1050 3041 1128 3104 pars
1160 3022 1258 3087 maris
1286 3020 1435 3089 Cilicium
1466 3045 1555 3090 mare
1582 3023 1711 3090 dicitur.

375 3134 474 3212 atque
494 3127 643 3210 Agrippa
665 3125 756 3191 illum
781 3124 909 3208 quidem
932 3126 1021 3191 novit
1043 3126 1200 3207 (Dimena
1226 3131 1246 3197 5
1270 3126 1363 3197 Oros.
1389 3138 1418 3213 1,
1432 3134 1462 3213 2,
1477 3132 1519 3200 96
1543 3130 1635 3215 (40)),
1655 3129 1713 3195 sed

376 3234 498 3325 cumin
513 3232 617 3299 altero
632 3231 721 3297 Plini
744 3230 832 3296 15515
854 3251 944 3296 mare
958 3231 1187 3317 Pamphylium
1209 3236 1392 3317 neglectum
1415 3237 1467 3319 sit,
1493 3258 1591 3320 quam
1614 3236 1712 3321 signi·

375 3339 556 3405 ficationem
573 3338 727 3423 Agrippa
750 3357 877 3421 quoque
900 3337 1052 3404 adhibuit
1060 3339 1096 3424 1),
1120 3361 1179 3405 neo
1201 3342 1403 3425 periegeseos
1425 3348 1539 3409 auctor
1562 3344 1714 3428 Agrippa

377 3452 426 3511 551
448 3466 507 3511 555
529 3466 641 3510 eorum
664 3464 747 3527 quae
770 3440 901 3507 aliunde
916 3440 1091 3512 adduntur.
1138 3446 1249 3531 itaque
1265 3448 1308 3512 ad
1323 3448 1483 3514 Isidorum
1500 3450 1711 3533 pervenimus.

378 3573 475 3635 quem
508 3571 546 3617 eo
579 3550 703 3615 maiore
737 3546 931 3613 confidentia
963 3548 1019 3614 515
1051 3558 1183 3634 praeter
1212 3551 1394 3620 Varronem
1428 3553 1609 3620 adhibitum
1644 3575 1714 3620 5555

378 3659 560 3743 statuimus,
589 3654 677 3739 qnod
708 3654 742 3718 in
772 3652 950 3719 insularum
982 3654 1196 3740 descriptione
1227 3659 1293 3723 eius
1328 3659 1455 3725 nomine
1489 3658 1577 3724 haud
1610 3680 1715 3743 pauca

378 3766 560 3851 fragmenta
582 3761 809 3847 insigniuntur.

490 3868 616 3937 accedit
638 3868 788 3934 alterum.
833 3867 922 3952 apud
943 3868 1123 3933 Varronem
1146 3868 1269 3939 insulas
1292 3888 1357 3933 uua
1379 3888 1453 3933 cum
1477 3888 1535 3934 ora
1556 3872 1715 3934 tractatas

378 3979 478 4045 fuisse
509 3998 608 4062 snpra
637 3975 852 4059 exposuimus.
896 3972 951 4040 hic
981 3995 1059 4040 vero
1090 3976 1243 4041 continuo
1274 3973 1415 4061 quodam
1446 3975 1557 4041 ordine
1589 3975 1716 4039 videtur

380 4084 434 4151 de·
457 4084 571 4151 insulis
609 4083 672 4168 agi,
711 4083 744 4148 id
782 4081 871 4167 quod
907 4103 971 4148 non
1005 4082 1113 4149 Plinio
1151 4084 1211 4149 soli
1244 4083 1454 4149 tribuendum
1488 4104 1557 4148 esse
1590 4088 1715 4147 certum

380 4197 440 4259 est.
494 4212 570 4256 nam
599 4191 706 4255 exstat
736 4190 836 4254 series
870 4188 1031 4273 quaedam
1063 4209 1300 4268 mensurarum,
1335 4187 1453 4274 quibus
1487 4188 1594 4274 spatia
1631 4188 1717 4253 inter

379 4298 504 4363 insulas
541 4296 727 4364 indicantur
764 4298 864 4363 etiam
902 4302 980 4362 tunc
1023 4296 1081 4362 ubi
1122 4296 1166 4362 ad
1208 4319 1297 4363 oram
1340 4296 1537 4363 commodius
1574 4296 1717 4362 iudicata

381 4411 525 4590 memb,
539 4512 603 4580 132
625 4509 752 4620 ilbodus
853 4510 945 4572 ds'atat
967 4530 987 4569 o
1012 4506 1111 4594 Cypro
1136 4500 1323 4575 CXXX-Vl.

493 4706 626 4774 11155555
653 4706 744 4756 utrum
772 4701 968 4772 Pamphylium
995 4720 1031 4756 55
1058 4701 1271 4772 Pamphylicum
1298 4718 1376 4758 mare
1403 4704 1513 4770 dixerit,
1544 4705 1574 4757 15
1602 4704 1718 4758 testium

383 4794 508 4849 51555555
530 4812 587 4849 555
609 4793 741 4863 expedio:
765 4795 853 4862 o,102
872 4793 982 4847 codices
1000 4791 1114 4861 quidem
1136 4794 1209 4849 515νί
1226 4792 1393 4864 Pamphylio
1416 4793 1557 4861 exhibent,
1576 4795 1607 4846 at
1624 4792 1718 4846 Dicuil

384 4885 437 4953 2,2
455 4883 503 4953 qui
520 4882 593 4939 hunc
610 4882 704 4936 locum
721 4882 827 4952 laudat,
845 4882 919 4937 mori
936 4881 1123 4952 Pamphylico.
1152 4899 1214 4937 cum
1228 4881 1302 4936 Plini
1320 4881 1460 4936 codicibus
1476 4882 1545 4937 lacit
1556 4883 1678 4937 Dimens.
1692 4883 1717 4945 5,

383 4989 447 5028 cum
465 4970 574 5027 Dicuile
591 4970 671 5025 Oros.
690 4970 710 5027 1.
729 4970 747 5025 l.
767 4975 796 5025 et
814 4971 899 5027 Divis.
919 4974 954 5027 17
973 4971 1032 5042 (aed
1050 4973 1113 5029 cod.
1135 4972 1159 5026 P
1181 4971 1368 5044 Pamphylio),
1385 4988 1453 5039 quos
1472 4971 1615 5041 graviores
1632 4972 1719 5024 testes

382 5060 483 5118 iudico.
