4275 6025
1074 717 1118 781 26

426 928 519 994 cuius
557 926 745 992 memoriam
780 924 984 993 Godofrcdus
1020 927 1206 993 Kentenich
1241 925 1475 1011 redintegravit
1484 927 1519 1014 1).
1579 929 1636 1013 qui
1669 929 1762 996 illum

424 1034 546 1101 librum
580 1056 602 1100 a
635 1032 744 1100 Plinio
776 1034 847 1119 ipso
881 1035 965 1100 inter
999 1032 1266 1118 chorographiam
1299 1033 1533 1117 interspersum
1566 1056 1637 1101 esse
1675 1042 1763 1102 recte

425 1141 614 1208 observavit.
659 1142 872 1225 nequeenim
903 1142 972 1207 eius
1004 1141 1186 1224 fragmenta
1215 1145 1341 1206 certum
1370 1139 1531 1224 quendam
1559 1143 1592 1208 in
1623 1142 1763 1228 descrip

423 1249 567 1316 tionibus
596 1249 705 1316 locum
736 1255 856 1328 tenent,
889 1248 946 1314 sed
978 1248 1074 1315 modo
1103 1249 1137 1312 in
1165 1246 1229 1312 fine
1259 1246 1386 1312 adnexa
1413 1254 1490 1312 sunt
1519 1248 1618 1334 (sicut
1648 1254 1680 1329 4,
1694 1250 1761 1335 64),

423 1353 520 1421 modo
543 1356 577 1421 in
599 1355 704 1423 medio
727 1356 884 1423 collocata
900 1360 940 1439 (e.
957 1379 988 1441 g.
1007 1358 1140 1439 5129),
1162 1353 1257 1420 modo
1277 1358 1351 1438 post
1366 1355 1472 1438 ipsum
1489 1377 1604 1420 nomen
1620 1355 1762 1440 descrip-

424 1462 545 1529 tionem
568 1461 691 1530 ducunt
714 1469 764 1547 (ut
786 1468 816 1544 5,
832 1464 919 1550 110).
966 1471 1114 1530 auctores
1137 1469 1246 1528 autem
1270 1482 1351 1545 quos
1373 1462 1407 1526 in
1429 1461 1486 1528 illo
1502 1482 1598 1546 opere
1613 1462 1761 1530 doctrina

423 1573 566 1635 scatente
588 1569 777 1635 nominatim
799 1569 927 1636 adlatos
950 1568 1050 1634 fnisse
1073 1573 1209 1650 constat,
1234 1573 1364 1652 praeter
1378 1569 1488 1633 tenuia
1503 1568 1642 1653 vestigia
1656 1570 1690 1635 in
1708 1569 1760 1640 IV

422 1679 455 1738 et
479 1673 637 1742 Vindice
659 1675 875 1741 inveniuntur.

526 1780 618 1845 tertii
640 1783 724 1846 enim
747 1782 824 1848 libri
846 1780 911 1847 huc
932 1781 1096 1866 pertinent
1112 1778 1282 1846 Sardiniae
1300 1783 1544 1863 μετονομασίαιι
1569 1785 1599 1864 3,
1617 1785 1659 1852 85
1676 1804 1759 1868 quae

422 1885 554 1952 Timaeo
586 1893 619 1952 et
645 1886 779 1972 Myrsilo
809 1887 997 1955 auctoribus
1020 1887 1213 1968 {traduntur
1266 1886 1340 1952 dein
1372 1894 1525 1971 aequante
1554 1889 1759 1974 paragrapho

421 1991 501 2057 haec
524 2013 581 2058 suo
605 1991 690 2057 libro
705 1993 943 2059 Kentenichius
966 1993 1154 2060 vindicavit:
1170 1990 1277 2054 Sicilia
1292 1989 1414 2055 διἰιικλα
1437 2015 1457 2054 a
1476 1992 1647 2077 Ίίιιιιριίὶίι
1669 1995 1758 2074 dicta,

427 2097 585 2160 Trinacrio
601 2121 621 2161 o
632 2099 772 2184 pluribus
788 2111 840 2162 ant
856 2100 996 2164 Trinacia
1012 2123 1030 2162 ιι
1047 2099 1199 2184 trionyula
1214 2100 1320 2184 specie.
1340 2098 1539 2183 Thucydidis
1553 2120 1669 2165 nomen
1684 2122 1758 2167 cum

420 2203 455 2268 in
479 2203 531 2271 IV
554 2203 660 2270 indice
693 2206 779 2270 inter
806 2214 954 2273 auctores
985 2208 1053 2273 cius
1086 2205 1188 2272 libelli
1219 2211 1334 2284 exstet,
1363 2206 1441 2290 quin
1464 2204 1614 2272 Sicaniae
1643 2228 1759 2273 nomen

421 2330 462 2375 ex
495 2310 551 2377 illo
586 2310 669 2378 libro
704 2313 843 2396 petitum
878 2315 930 2393 sit,
965 2315 1019 2379 vix
1054 2318 1104 2378 cst·
1137 2311 1224 2396 quod
1260 2311 1399 2376 dubites.
1445 2311 1486 2376 de
1515 2311 1648 2395 reliquis
1681 2334 1758 2380 vero

420 2417 559 2502 ambigo.
606 2419 683 2486 licet
706 2420 790 2486 enim
814 2420 958 2486 conferre
981 2418 1153 2486 Strabonis
1176 2420 1241 2487 265
1264 2412 1333 2481 ἐστὶ
1356 2414 1390 2480 δὲ
1412 2409 1432 2501 ἡ
1458 2417 1586 2481 Σικελία
1607 2421 1759 2502 τρίγωνος

418 2530 466 2610 τῷ
489 2524 632 2612 σχήματι
655 2526 711 2590 καὶ
734 2525 785 2590 διαὶ
814 2535 910 2591 ταῦτα
938 2529 1107 2612 Τρινακρία
1134 2524 1192 2606 μὲν
1222 2522 1387 2610 πρότερον,
1419 2527 1570 2609 θρινακία
1600 2520 1758 2612 δ’ὕστερον

418 2631 660 2720 προςηγαρεύθη
689 2637 970 2716 μετανομασθεῖσα
1005 2627 1232 2717 εὐφωνότερον.
1288 2629 1373 2694 unde
1406 2632 1537 2696 nomina
1569 2630 1758 2699 Trinacriae

419 2744 452 2802 et
464 2737 657 2806 'Phrinaciae
672 2741 706 2805 in
721 2740 966 2824 chorographiis
982 2738 1060 2804 ferri
1076 2737 1174 2803 solita
1190 2758 1259 2802 esse
1274 2735 1443 2820 probatur.
1469 2736 1594 2804 accedit
1609 2740 1755 2821 gravius:

418 2842 522 2908 libelli
545 2845 631 2911 enim
653 2849 767 2910 auctor
790 2843 936 2910 ordinem
966 2848 1148 2927 temporum
1181 2849 1339 2927 qnantum
1369 2841 1440 2907 fieri
1469 2849 1598 2927 poterat
1629 2866 1756 2913 servare

419 2956 553 3017 conatus
578 2950 673 3037 est2).
711 2956 790 3018 tunc
813 2973 887 3017 vero
909 2951 1123 3017 Homericum
1143 2972 1258 3017 nomen
1273 2950 1444 3017 Trinaciae
1466 2956 1542 3017 anto
1556 2950 1756 3037 Thucydidis

418 3054 578 3122 Sicaniam
602 3057 824 3125 collocandum
846 3058 918 3126 luit.

525 3170 693 3247 praeterea
716 3188 757 3231 ex
779 3164 966 3232 auctoribus
983 3165 1071 3232 illius
1093 3165 1195 3232 libelli
1211 3163 1431 3232 Callimachus
1446 3165 1479 3230 in
1495 3164 1559 3229 fine
1574 3164 1651 3230 libri
1667 3166 1755 3231 tertii

417 3268 617 3335 nominatur:
643 3274 753 3349 3,152
768 3272 870 3335 Melite
885 3274 962 3335 unde
977 3272 1089 3335 catulos
1104 3272 1256 3335 Melitaeos
1280 3270 1435 3356 appellari
1449 3282 1550 3333 auctor
1564 3282 1613 3335 est.
1643 3272 1754 3337 eadem

416 3395 480 3439 non
505 3374 545 3439 de
568 3375 699 3461 Illyrica
722 3379 780 3444 illa
802 3379 919 3461 insula,
943 3378 999 3444 sed
1022 3377 1063 3442 do
1086 3377 1190 3443 altera
1205 3377 1305 3443 refert
1321 3376 1441 3443 Strabo
1457 3380 1523 3447 277
1539 3378 1659 3465 Μελίτη
1675 3376 1754 3443 ὅθεν

416 3480 458 3545 τὰ
481 3480 606 3546 κυνίδια
633 3481 655 3547 ἃ
685 3486 819 3550 καλοῦσι
842 3486 1002 3550 Μελιταῖα
1011 3484 1047 3570 ⁸).
1101 3506 1184 3569 quas
1214 3484 1450 3549 Kentenichius
1480 3486 1595 3550 merito
1625 3484 1668 3550 ah
1698 3486 1753 3552 illo

415 3586 527 3653 libello
550 3590 663 3674 procul
684 3589 793 3656 habet.
838 3612 942 3675 neque
966 3592 1050 3656 enim
1074 3589 1115 3655 de
1137 3590 1274 3655 nominis
1296 3590 1483 3670 mutatione,
1509 3611 1593 3674 quae
1616 3596 1666 3655 est
1686 3592 1753 3658 eius

416 3694 562 3777 materia,
587 3696 696 3779 agitur
720 3702 752 3762 et
768 3693 960 3762 Callimachi
983 3696 1133 3762 doctrina
1147 3696 1245 3761 etiam
1261 3698 1290 3776 3,
1307 3698 1370 3765 139
1386 3695 1451 3763 alio
1467 3698 1535 3762 rivo
1550 3696 1593 3761 ad
1608 3696 1752 3763 Plinium

414 3802 570 3885 pervenit.

518 3908 552 3973 in
575 3905 634 3975 III
649 3912 758 3972 antem
773 3905 880 3972 indice
896 3905 1096 3993 Thucydidis
1121 3926 1236 3972 nornen
1256 3914 1403 3992 apparet,
1419 3906 1544 3973 'limaci
1560 3908 1751 3995 Myrsiliqne

415 4010 649 4080 desiderantur.
697 4035 763 4098 qua
785 4034 821 4079 re
842 4014 914 4099 ipsa
937 4012 1108 4080 Sardiniae
1138 4014 1268 4080 nomina
1299 4020 1412 4099 postea
1444 4015 1567 4081 inserta
1597 4037 1669 4083 esse
1698 4017 1753 4084 de-

414 4122 621 4188 monstratur.

518 4222 553 4285 in
575 4222 629 4291 IV
650 4246 726 4291 vero
748 4225 853 4292 indice
869 4227 962 4292 iuxta
976 4225 1130 4308 leguntur
1145 4226 1224 4292 haec
1243 4226 1422 4307 nomina⁴):
1450 4227 1590 4292 Timaeus
1604 4230 1751 4315 Myrsilus

413 4325 585 4391 Alexander
600 4328 768 4414 Polybiator
789 4331 971 4417 Thucydides
986 4330 1135 4396 Dosiadea
1149 4335 1218 4418 (58)
1243 4333 1473 4397 Anaeimoader
1488 4334 1557 4421 (58)
1578 4335 1751 4401 Ρίιλίλιλίἀιι

523 4556 545 4627 1)
564 4557 697 4613 Analecta
709 4558 901 4617 Akaeaadrlau
920 4560 984 4617 diss.
999 4560 1113 4616 Bonnao
1131 4562 1201 4618 1896
1220 4579 1247 4631 p.
1267 4562 1364 4618 5-17.
1401 4562 1529 4617 similiter
1548 4565 1632 4632 atque
1649 4562 1698 4618 ille
1714 4562 1750 4617 de

412 4643 554 4713 plerisque
571 4646 627 4700 iam
645 4645 848 4702 Oehmichenus
871 4648 1003 4705 iudicavit
1020 4651 1095 4705 Acta
1113 4666 1168 4706 soc.
1186 4648 1264 4720 Lips.
1288 4649 1335 4705 111
1358 4650 1429 4705 1873
1452 4669 1478 4720 p.
1498 4652 1550 4707 437
1574 4650 1648 4707 Pria.
1668 4650 1749 4707 stau.

413 4732 484 4789 1880
502 4750 528 4802 p.
548 4735 611 4804 laq.
631 4752 796 4805 quamquam
815 4736 923 4793 isidem
947 4755 979 4793 ea
1001 4738 1072 4793 falso
1094 4739 1201 4795 tribuit.
1238 4738 1273 4794 cl.
1297 4740 1381 4793 etiam
1399 4737 1549 4794 Schweder
1570 4756 1663 4811 progr.
1682 4739 1750 4795 Kiel

413 4820 483 4876 1879
502 4838 528 4891 p.
548 4823 582 4878 15
601 4822 766 4893 Philologus
784 4823 819 4878 46
838 4825 930 4896 (1888)
949 4842 977 4895 p.
997 4828 1056 4881 315.

520 4909 543 4981 ¹)
562 4909 598 4966 cl.
616 4910 815 4965 Kentenichius
833 4928 861 4981 p.
881 4914 922 4968 10.

521 4998 543 5069 8)
563 5003 593 5054 at
610 4999 646 5055 ol.
665 5000 761 5069 Stepb.
780 5018 801 5057 s.
820 5018 845 5055 v.
865 4998 979 5068 Μελίτη.
1015 5003 1090 5057 unde
1109 5003 1273 5059 Strabonem
1291 5019 1384 5058 errare
1402 5002 1502 5060 elucet.

519 5087 544 5158 Δ)
564 5086 654 5142 adieci
673 5104 800 5143 numeros
819 5088 1057 5159 paragraphornm
1076 5090 1175 5158 quibus
1194 5091 1223 5146 in
1240 5094 1321 5146 textu
1339 5095 1465 5147 auctores
1483 5091 1641 5150 laudantur.
