4275 6025
989 677 1030 740 27

342 887 480 954 Mallotes
488 889 513 975 ¹)
545 891 713 972 (58.120)
744 888 909 974 Dionysius
941 890 1009 975 (64)
1040 890 1191 952 Aristides
1219 891 1366 972 (64.10)
1399 885 1583 952 Callidemus
1609 886 1679 973 (64)

343 993 556 1059 Menaechmus
572 997 642 1082 (64)
666 996 877 1081 Apluostbeues
893 995 962 1082 (66)
985 996 1152 1059 Anticlt'des
1166 996 1236 1081 (67)
1258 993 1434 1059 Heraclides
1449 997 1529 1082 (70).
1564 995 1679 1062 deinde

343 1101 594 1186 interponuntur
610 1110 767 1186 auctores,
786 1104 840 1189 qni
855 1124 919 1170 non
935 1103 977 1169 ad
992 1103 1086 1169 illum
1101 1103 1248 1169 libellum
1263 1104 1427 1187 pertinent
1438 1103 1631 1183 (Philemon.
1646 1152 1678 1172 ..

341 1207 487 1282 Isidorus,
512 1208 553 1276 cl.
576 1215 607 1293 4,
623 1211 688 1295 97).
734 1231 815 1294 quos
839 1211 1003 1295 excipiunt
1025 1210 1156 1275 nomina
1179 1210 1212 1275 in
1234 1210 1306 1294 ipso
1328 1209 1412 1275 libro
1435 1230 1499 1275 non
1530 1209 1677 1275 laudata:

825 1334 997 1398 Pbibeuides
1019 1337 1064 1416 (5,
1078 1335 1155 1420 129)

825 1439 1005 1524 Xeuaporos
1027 1439 1163 1526 (5129)

825 1549 1008 1632 Astynomus
1031 1547 1167 1634 (5,129)

824 1652 990 1739 Staphylus
1013 1655 1149 1740 (5,134)

824 1761 1016 1822 Artennites
1039 1762 1175 1841 (5,135)

825 1867 1009 1930 Metrodorus
1017 1865 1043 1950 2)
1067 1866 1203 1951 (5,136)

827 1969 980 2034 Cleobulus
1004 1971 1048 2056 (5,
1063 1970 1150 2055 136).

431 2110 464 2174 10
488 2109 521 2177 V
543 2110 648 2175 indice
680 2117 871 2195 repetuntur
900 2110 1012 2176 eodem
1043 2111 1156 2176 ordine
1178 2111 1213 2175 hi
1235 2111 1366 2177 insertis
1388 2119 1463 2197 post
1485 2112 1680 2200 Staphylum

342 2213 524 2281 Aristotele
541 2216 677 2302 (5135)
702 2217 788 2300 quod
811 2239 927 2282 nomen
943 2224 1020 2282 ante
1034 2217 1194 2282 Aristidis
1212 2217 1261 2281 vel
1277 2215 1469 2284 Aristocriti
1483 2219 1578 2286 100110
1592 2221 1680 2288 vola

343 2320 485 2386 librariis
493 2324 600 2406 potuit
608 2325 715 2390 omitti
723 2324 758 2409 ³),
770 2327 848 2390 item
859 2333 933 2410 post
942 2324 1137 2410 Staphylnm
1148 2323 1304 2408 Dionysio
1313 2325 1358 2408 (5,
1371 2327 1459 2409 134),
1470 2333 1544 2409 post
1551 2329 1680 2394 Aristo·

342 2428 461 2493 critum
476 2428 610 2512 Ephoro
634 2429 774 2516 (5136)
798 2431 854 2514 qui
876 2432 911 2495 in
927 2429 979 2499 IV
994 2429 1100 2494 indice
1114 2430 1220 2514 priore
1235 2431 1300 2493 iam
1315 2429 1387 2494 loeo
1403 2433 1579 2516 nuncupati
1595 2439 1678 2502 sunt.

341 2533 376 2597 in
390 2539 487 2600 sexto
503 2534 641 2619 denique
654 2533 759 2601 indice
769 2541 901 2620 praeter
913 2536 1082 2621 Ephorum
1094 2535 1264 2601 'limacum
1276 2532 1525 2619 Callimachum,
1542 2559 1679 2622 quorum

340 2639 511 2708 thesauros
534 2641 599 2707 alia
623 2662 752 2726 quoque
773 2643 826 2709 via
847 2643 956 2709 Plinio
978 2644 1156 2709 innotuisse
1179 2649 1303 2709 certum
1331 2649 1390 2726 001,
1419 2664 1512 2709 0000
1544 2664 1582 2709 ex
1613 2645 1680 2710 illis

341 2748 527 2814 auctoribus
551 2747 715 2815 laudatur.
761 2771 801 2815 ac
823 2771 863 2815 ne
894 2750 1078 2833 fragmenta
1109 2750 1240 2834 quidem
1270 2751 1304 2815 in
1336 2750 1394 2816 1110
1426 2751 1509 2816 libro
1539 2756 1679 2823 exstant.

342 2874 426 2936 quae
449 2856 593 2921 sumita
616 2857 689 2939 sint,
715 2857 862 2923 libellum
885 2878 905 2922 a
928 2856 1043 2936 Plinio,
1068 2858 1245 2942 sicutipse
1272 2879 1325 2923 res
1358 2856 1497 2935 larebat,
1529 2896 1573 2905 —
1603 2879 1679 2925 nam

343 2961 440 3027 maris
462 2962 581 3029 interni
603 2963 728 3031 insulae
751 2970 912 3031 tractatae
935 2971 1028 3031 erant
1050 3003 1096 3013 —-
1118 2963 1161 3030 06
1184 2963 1284 3032 libros
1308 2962 1360 3032 IV
1379 2970 1414 3031 et
1427 2962 1460 3031 V
1475 2963 1679 3049 potissimum

342 3067 524 3133 adhibitum
547 3091 617 3135 0000
640 3072 673 3136 10
695 3072 868 3157 propatulo
891 3078 950 3155 001,
974 3078 1123 3139 auctores
1145 3078 1255 3137 autem
1277 3071 1324 3138 ibi
1347 3071 1517 3139 arcessitos
1537 3072 1679 3155 primum

342 3173 441 3239 indici
464 3174 516 3244 IV
538 3175 720 3261 adscriptos
744 3199 814 3244 0000
837 3199 956 3271 onnes,
981 3178 1097 3244 deindo
1119 3179 1274 3263 repetitos
1297 3199 1351 3244 eos
1374 3180 1430 3264 qui
1452 3178 1487 3243 in
1502 3177 1534 3246 V
1550 3199 1679 3263 quoque

341 3279 425 3345 libro
448 3283 638 3349 nominatim
658 3284 861 3369 adseruntur,
885 3287 918 3351 in
935 3285 966 3352 V
983 3285 1097 3352 indice.
1142 3306 1214 3350 cnm
1230 3306 1305 3351 vero
1321 3284 1449 3351 libellus
1466 3284 1534 3349 sine
1550 3286 1679 3351 nomine

342 3385 484 3451 auctoris
506 3385 656 3472 ferretur,
681 3388 716 3454 id
744 3390 832 3473 quod
860 3391 939 3455 mihi
962 3388 1199 3456 Kentenichius
1228 3391 1399 3474 persuasit,
1432 3390 1678 3475 diligentissime

340 3489 468 3557 Plinius
490 3499 638 3559 auctores
661 3492 708 3558 ibi
731 3493 881 3560 laudatos
903 3494 1080 3560 adnotavit.

447 3602 680 3681 μετονομασίαι
702 3600 804 3683 igitur
826 3600 882 3666 illo
905 3599 1295 3680 libellocontinebantur,
1312 3607 1481 3667 auctorum
1495 3600 1678 3666 nominibus

341 3704 435 3770 modo
458 3704 617 3785 indicatis,
643 3704 737 3771 modo
764 3705 891 3771 omissis
899 3704 926 3791 4)
949 3704 1002 3793 (ol.
1024 3709 1056 3788 4,
1070 3708 1113 3775 67
1144 3706 1185 3772 60
1206 3706 1293 3772 Paro
1316 3705 1484 3790 Naxoque,
1518 3711 1550 3784 4,
1563 3707 1606 3774 68
1638 3705 1679 3772 60

341 3811 446 3891 Icaro,
470 3817 502 3894 4,
516 3815 559 3882 73
583 3811 623 3877 60
646 3811 764 3895 Thaso,
799 3815 907 3895 5,132
932 3813 972 3879 60
995 3811 1124 3892 Rhodo,
1157 3816 1266 3895 5,139
1290 3812 1331 3877 60
1354 3812 1471 3890 Lesbo,
1505 3814 1614 3892 5,140
1636 3811 1679 3876 60

340 3916 495 4005 Tenedo).
525 3918 736 4002 quamobrem
747 3919 855 3985 nescio
868 3939 925 3985 cur
936 3918 1017 3985 alias
1028 3922 1261 4002 000000001ος
1272 3917 1450 3984 insularum
1462 3938 1483 3983 a
1494 3938 1552 3982 suo
1565 3916 1676 3983 libello

339 4021 580 4091 Kentenichius
603 4025 775 4092 excluserit
782 4026 820 4112 ⁶),
843 4025 933 4091 velut
955 4023 1182 4109 47081010
1203 4046 1280 4110 qreae
1299 4034 1388 4087 00100
1407 4022 1513 4104 00000,
1533 4022 1678 4088 Heraclia

338 4153 418 4217 puae
436 4129 527 4210 Onus,
556 4129 645 4197 Canos
660 4155 738 4219 quae
752 4132 892 4216 Astrabe,
916 4130 1047 4197 (11000100
1068 4154 1145 4220 quae
1158 4132 1315 4196 Ecbiuusa
1330 4131 1428 4195 Melos
1450 4136 1531 4217 (cum
1545 4134 1676 4218 oppido)

338 4259 431 4323 quam
453 4239 605 4303 Aristides
627 4260 692 4323 eqo.
709 4290 717 4304 .
733 4284 768 4302 ..
791 4236 917 4324 Hyperc
947 4239 1099 4323 quondum
1130 4238 1257 4322 Patapc,
1287 4247 1322 4299 01
1351 4236 1407 4299 alli
1428 4237 1567 4322 Platape,
1600 4262 1679 4303 0000

340 4343 568 4431 Amorque...
597 4346 694 4409 lbera
717 4346 937 4431 cumprimum
952 4346 1068 4409 auertit
1086 4342 1208 4408 Calliste
1222 4344 1302 4407 dicta
1318 4396 1325 4409 .
1343 4395 1375 4413 ..
1397 4344 1559 4408 Automate
1574 4346 1677 4408 eudem

449 4525 471 4593 ¹)
490 4522 610 4577 Cratetis
619 4537 720 4576 nomen
730 4522 758 4575 in
768 4520 861 4576 indice
873 4520 1005 4575 omissum
1014 4524 1057 4576 est
1069 4522 1219 4590 propterea
1231 4519 1306 4588 quod
1319 4520 1375 4573 iarn
1387 4523 1469 4575 antea
1481 4520 1615 4590 scriptum
1625 4523 1677 4576 est.

449 4613 471 4683 ⁹)
489 4611 569 4665 huius
587 4628 689 4666 nomen
706 4612 736 4666 in
753 4609 802 4665 111
820 4627 929 4681 quoqne
947 4610 1038 4665 indice
1059 4611 1160 4679 exstat,
1184 4608 1234 4663 006
1257 4610 1345 4678 3,122
1369 4627 1425 4665 000
1447 4626 1482 4664 ex
1506 4611 1556 4665 1110
1579 4610 1678 4666 1150110

338 4702 471 4857 ὶῃίιῃιινι1)
490 4787 618 4843 laudatur
636 4791 729 4842 autem
742 4787 908 4844 Aristoteles
927 4789 1011 4843 otiam
1030 4790 1056 4859 4,
1067 4788 1110 4843 65.
1131 4787 1174 4843 66.
1193 4788 1229 4843 70
1246 4787 1321 4843 inter
1338 4787 1495 4859 fragmenta
1513 4787 1588 4844 illius
1602 4785 1677 4844 libri.

447 4878 469 4947 ⁴)
489 4893 560 4946 quae
583 4876 740 4933 differentia
764 4881 857 4932 utrum
885 4878 921 4932 ad
948 4878 1040 4947 ipsum
1062 4875 1186 4932 libellum
1209 4892 1245 4932 an
1268 4876 1305 4931 ad
1328 4875 1450 4930 Plinium
1473 4873 1619 4930 referenda
1641 4876 1679 4930 sit

339 4964 470 5126 ambIgol)
489 5072 553 5110 nam
571 5056 664 5111 omnia
677 5073 707 5111 ss
719 5054 907 5125 adscripsisse,
921 5071 990 5124 quae
1003 5054 1039 5109 06
1050 5053 1177 5109 libellum
1189 5056 1356 5125 spectarent,
1374 5053 1436 5122 ipse
1447 5048 1599 5119 111οῧ101111·
1611 5067 1639 5119 1)·
1653 5054 1680 5111 5·
