4275 6025
1026 697 1067 761 73

490 909 598 994 Libya
620 907 778 975 Mareotis
800 907 887 991 apud
910 905 1029 973 Melam
1055 914 1084 987 1,
1097 911 1142 978 40
1165 908 1293 974 silentio
1314 908 1525 993 praeteritur:
1557 905 1716 972 mutaru-

379 1042 442 1083 moa
464 1019 552 1082 vallia
574 1019 685 1080 deraso
708 1013 761 1095 (cf.
786 1013 870 1083 Plin.
895 1018 926 1093 5,
940 1015 998 1100 38)
1020 1017 1054 1078 in
1076 1017 1249 1100 Aegyptum
1274 1016 1344 1098 finit
1367 1014 1514 1101 Africum.
1559 1014 1621 1080 hoc
1651 1034 1717 1079 non

379 1126 486 1194 Melae
508 1124 733 1207 neglegentiae
756 1121 985 1207 imponendum
1009 1143 1079 1188 esse
1102 1122 1140 1193 ol.
1163 1122 1251 1188 Mela
1275 1128 1304 1202 1,
1318 1125 1360 1192 22
1383 1122 1592 1207 perspicitur:
1625 1123 1659 1184 iu
1681 1143 1716 1184 eo

376 1244 468 1318 porte
484 1229 649 1317 (Africae)
673 1249 748 1315 quoe
763 1227 878 1313 Libyco
901 1229 1010 1315 (mari)
1035 1230 1160 1309 adiacet,
1182 1231 1328 1315 procima
1350 1228 1425 1292 Nilo
1443 1229 1603 1314 promocio
1623 1249 1718 1314 quom

384 1336 516 1424 Cyrenas
539 1347 652 1402 vmaot.
698 1357 737 1402 ex
759 1335 868 1401 Plinio
890 1342 999 1401 autem
1024 1339 1055 1417 5,
1068 1339 1111 1407 49
1135 1336 1355 1421 cognoscimus
1378 1334 1478 1402 fuisse
1500 1336 1557 1420 qui
1577 1333 1717 1419 Libyam

378 1443 594 1511 Mareotidem
616 1444 649 1508 in
664 1442 854 1528 Aegyptum
878 1443 1195 1527 comprehenderent.
1243 1464 1342 1527 quam
1358 1442 1551 1508 sententiam
1574 1441 1716 1508 aMslse

379 1557 509 1617 anctore
541 1549 712 1634 probatam
743 1548 869 1615 Plinius
900 1549 933 1614 in
964 1547 1091 1633 periplo
1121 1552 1152 1631 b,
1165 1550 1207 1619 39
1243 1549 1363 1615 reiecit.
1408 1548 1451 1613 ab
1484 1548 1578 1614 initio
1607 1554 1717 1613 autem

379 1657 485 1724 Melae
519 1675 648 1742 qnoque
681 1655 825 1721 recensio
859 1653 998 1739 Libyam
1029 1652 1245 1720 Mareotidem
1279 1653 1321 1719 ab
1354 1653 1509 1738 Aegypto
1543 1656 1716 1739 separauit.

379 1785 455 1830 narn
478 1784 536 1830 our
558 1761 679 1847 Libyes
702 1756 861 1845 Aegyptii
886 1766 914 1842 1,
932 1762 974 1830 23
1007 1760 1293 1845 distinguerentur,
1325 1760 1388 1826 nisi
1420 1760 1476 1826 alii
1507 1782 1634 1846 quoque
1664 1781 1717 1825 ex-

380 1876 515 1949 starent,
539 1890 604 1935 non
626 1865 879 1950 intellegeretur.

486 1975 570 2062 ¹quid
605 1971 692 2059 quod
719 1994 760 2038 ne
787 1973 821 2037 iu
844 1972 944 2038 Italia
971 1972 1103 2057 quidem
1126 1974 1257 2039 termini
1288 1970 1503 2039 conveniunt?
1549 1993 1626 2039 nam
1648 1972 1718 2038 Lu-

381 2085 507 2150 caniam
530 2081 634 2150 Silero
657 2101 750 2146 amne
766 2080 893 2146 Plinius
913 2081 1149 2148 circumscribit
1164 2083 1194 2159 3,
1206 2084 1259 2163 71,
1283 2103 1387 2165 usque
1406 2081 1448 2147 ad
1463 2079 1629 2146 Minervae
1643 2101 1718 2165 pro·

381 2191 582 2256 munturium
604 2188 743 2273 protulit
765 2187 853 2253 Mela
876 2191 906 2268 2,
921 2189 974 2258 69.
1021 2188 1131 2272 itaque
1158 2209 1276 2271 agrum
1298 2187 1503 2254 Picentinum
1534 2207 1598 2252 non
1621 2185 1716 2254 Osm-

382 2297 509 2381 paniae,
533 2295 589 2360 sed
611 2295 775 2361 Lucaniae
798 2295 965 2366 adnexuit.
1004 2296 1060 2361 sed
1083 2294 1169 2362 hano
1190 2296 1411 2362 diversitatem
1431 2318 1496 2361 non
1512 2296 1593 2361 adeo
1608 2296 1718 2379 magni

383 2401 625 2480 aestimaverim,
658 2407 831 2486 propterea
862 2401 949 2484 quod
978 2399 1123 2466 Plinium
1153 2401 1207 2466 hic
1237 2401 1390 2482 Augusto
1424 2400 1614 2467 obsecutum
1650 2423 1719 2468 esse

383 2508 456 2593 quis
471 2507 596 2574 dixerit
605 2506 642 2590 ¹).

493 2613 550 2679 sed
572 2614 711 2680 maxime
734 2613 905 2680 discedunt
927 2613 961 2680 in
984 2611 1102 2680 Italiae
1125 2613 1231 2681 fronte
1260 2613 1487 2680 constituenda
1517 2621 1551 2680 et
1581 2615 1614 2681 in
1646 2616 1718 2682 sinu

380 2720 486 2787 altero
509 2719 671 2804 Europae.
718 2741 793 2785 nam
823 2741 1021 2804 quamquam
1043 2719 1132 2786 Mela
1163 2742 1227 2788 non
1257 2726 1326 2787 tam
1358 2721 1454 2787 anxie
1476 2721 1719 2790 Varronianam

380 2829 474 2894 illam
496 2849 572 2894 orae
595 2823 749 2912 Europae
772 2827 960 2893 divisionem
992 2835 1122 2894 secutus
1153 2834 1212 2909 est,
1244 2834 1354 2896 tamn
1385 2849 1457 2895 eam
1488 2829 1618 2895 subesse
1651 2830 1719 2895 eius

381 2935 592 3021 descriptioni
615 2934 761 3020 quamvis
784 2933 990 3002 obscuratam
1013 2934 1223 3001 Detlelsenus
1254 2936 1347 3001 uobis
1378 2936 1475 3022 plane
1507 2936 1670 3021 persuasit
1679 2935 1717 3023 ⁹).

382 3043 462 3128 quid
486 3041 573 3126 quod
597 3041 694 3108 semel
718 3063 801 3107 unus
817 3042 906 3107 Mela
929 3046 1015 3125 1,17
1036 3045 1176 3126 genuina
1198 3045 1346 3125 servavit,
1372 3065 1444 3111 cum
1459 3045 1598 3112 alterum
1613 3044 1719 3108 sinum
1787 3058 1790 3063 ·

382 3148 493 3214 Malea
523 3149 750 3232 promunturio
784 3146 937 3215 inclusit?
990 3148 1230 3217 Varronianam
1265 3156 1375 3217 autem
1405 3149 1522 3217 frontis
1556 3150 1720 3215 notionem

383 3261 495 3339 aperte
518 3260 658 3320 testatur
673 3253 758 3321 Plin.
776 3259 807 3335 3,
821 3258 874 3327 95.
919 3256 1062 3340 pertinet
1085 3258 1171 3322 enim
1194 3256 1344 3324 eLocris
1366 3279 1469 3342 usque
1491 3256 1535 3325 ad
1550 3257 1721 3324 Lacinium

383 3362 652 3445 promunturium.
699 3360 774 3427 hinc
796 3383 871 3428 uero
895 3362 1034 3428 alterum
1057 3363 1211 3448 Europae
1233 3366 1340 3431 sinum
1370 3367 1513 3451 incipere
1544 3364 1720 3431 secundum

385 3468 568 3537 Varronem
591 3473 720 3534 constat
743 3489 783 3533 ex
798 3468 907 3534 Plinio
923 3472 954 3552 3,
968 3471 1020 3539 97.
1060 3490 1144 3555 qnae
1166 3472 1273 3556 opinio
1289 3479 1449 3557 quantum
1465 3495 1484 3539 a
1498 3472 1634 3537 veritate
1649 3472 1721 3554 ipsa

384 3575 471 3642 absit
491 3595 556 3640 non
579 3596 736 3643 curamus.
782 3581 818 3641 at
840 3575 928 3641 Mela
952 3575 1093 3642 alterum
1115 3578 1220 3643 sinum
1242 3600 1263 3645 s
1286 3578 1467 3647 Sallentino
1497 3578 1720 3664 promunturio

384 3683 545 3750 incohavit
572 3682 610 3747 of.
635 3687 667 3765 2,
680 3685 723 3752 67
751 3682 898 3769 leucosque
920 3683 954 3770 (i.
983 3704 1087 3766 usque
1111 3683 1155 3749 ad
1178 3683 1380 3770 Callipolim)
1403 3684 1541 3766 Hadria,
1570 3684 1722 3767 bucusque

383 3790 495 3853 Italiae
517 3790 595 3852 totu
616 3790 743 3855 odarum
757 3793 894 3877 pertinet.
937 3791 1030 3877 frons
1045 3794 1109 3855 eius
1129 3793 1163 3855 ic
1185 3794 1245 3855 duo
1265 3794 1387 3877 quidem
1410 3814 1439 3855 se
1461 3812 1594 3854 cornua.
1614 3836 1622 3853 .
1646 3791 1720 3852 acin⁴

384 3898 436 3961 dit.
482 3917 546 3979 qno
569 3917 643 3961 vero
666 3902 800 3962 auctore
823 3896 928 3962 Melae
949 3896 1021 3962 fons
1044 3918 1064 3962 a
1084 3896 1234 3965 Varrone
1257 3898 1450 3978 discesserit,
1474 3897 1502 3961 si
1525 3895 1719 3979 quaerimus,

384 4000 474 4067 haud
497 4002 564 4066 seio
586 4022 627 4065 an
644 3998 836 4067 Sallustium
859 4023 932 4068 eum
954 4000 1055 4068 fuisse
1080 4024 1151 4069 oum
1174 4003 1286 4087 aliqua
1304 4002 1537 4087 probabilitate
1552 4001 1718 4083 coniciam,

384 4109 476 4174 ouius
491 4108 579 4192 apud
594 4107 715 4173 Melam
736 4108 875 4190 vestigia
889 4130 966 4174 sane
982 4114 1119 4175 exstant
1157 4130 1233 4174 nam
1248 4108 1335 4174 Mela
1351 4112 1382 4191 2,
1396 4110 1439 4178 68
1458 4106 1720 4192 promunturium

385 4214 621 4305 Leucopetram
634 4214 747 4281 Brutti
758 4216 885 4281 nomine
896 4214 1050 4300 appellat,
1068 4238 1132 4300 quo
1148 4218 1276 4283 nomine
1291 4217 1348 4299 qui
1359 4221 1488 4300 praeter
1499 4213 1684 4299 Agrippam
1693 4212 1722 4301 ³)

386 4328 419 4387 et
441 4321 632 4389 Sallustium
658 4344 735 4389 usus
759 4324 811 4401 sit,
834 4324 909 4389 novi
932 4324 1101 4389 neminem.
1147 4325 1234 4390 hunc
1256 4329 1364 4390 antem
1388 4324 1608 4409 potiusquam
1631 4321 1722 4388 illum

385 4428 575 4494 mutationis
597 4449 709 4494 ansam
732 4428 858 4495 dedisse
880 4436 1055 4513 propterea
1074 4429 1248 4496 verisimile
1271 4434 1330 4507 est,
1355 4430 1442 4512 quod
1465 4430 1499 4494 in
1521 4430 1600 4514 ipsis
1616 4428 1723 4494 Melae

385 4534 492 4600 verbis
523 4534 683 4619 quaedam
713 4555 790 4600 cum
820 4532 978 4601 Sallustio
1008 4535 1189 4601 similitudo
1212 4542 1270 4616 est,
1306 4534 1347 4604 cl.
1379 4535 1454 4602 hist.
1485 4535 1549 4619 frg.
1573 4541 1604 4614 4,
1616 4538 1659 4605 23
1676 4534 1722 4604 Μ.

385 4643 481 4704 omnis
502 4640 596 4704 Italia
625 4652 724 4705 coacto
745 4644 779 4705 in
804 4642 961 4725 augustias
977 4643 1110 4729 findetur
1131 4643 1164 4705 iu
1186 4644 1246 4705 duo
1262 4644 1487 4728 provocatoria,
1516 4642 1675 4706 Bruttium
1697 4652 1724 4705 et

385 4768 599 4777 -n-—au—--n—

496 4818 519 4889 1)
536 4821 629 4871 tamen
648 4835 791 4873 mensuras
810 4818 845 4873 ab
864 4820 992 4888 Augusto
1012 4821 1088 4872 certe
1105 4818 1210 4873 alienas
1229 4818 1314 4874 Sileni
1334 4818 1405 4874 ostio
1429 4819 1520 4873 insisti
1547 4836 1604 4874 non
1630 4818 1722 4886 negle-

385 4906 507 4977 gendum
526 4912 580 4963 est:
601 4910 625 4977 3,
635 4910 679 4964 70.
699 4909 741 4964 74.

496 4998 518 5069 ²)
536 4996 655 5053 Hermes
674 5000 707 5055 21
728 4999 821 5071 (1886)
839 5015 866 5067 p.
886 4998 1036 5054 240-265.

496 5088 518 5159 ⁸)
537 5088 644 5156 dequo
663 5087 698 5142 cl.
718 5104 788 5156 quse
805 5087 880 5141 inira
898 5104 1076 5157 exponemus.
