4275 6025
1049 692 1091 754 23

397 923 463 986 quo
486 902 568 983 loco,
592 902 779 986 exposuisse
801 900 984 979 conieceris,
1001 899 1091 964 Plini
1113 905 1223 966 autem
1244 901 1279 965 in
1302 899 1385 968 libro
1406 923 1470 986 quo
1487 903 1528 971 de
1542 907 1736 974 animalibus

400 1030 453 1075 res
478 1015 537 1088 est,
560 1030 626 1075 nou
648 1009 812 1084 intererat,
836 1027 900 1090 qno
924 1006 994 1073 loco
1012 1028 1131 1092 caprae
1145 1008 1311 1074 cniusdam
1325 1009 1377 1074 vel
1391 1010 1504 1077 simiae
1518 1013 1663 1081 sollertia
1678 1015 1736 1082 ob-

395 1121 524 1182 servata
547 1119 654 1180 esset.
683 1112 801 1197 quibus
825 1112 865 1178 de
882 1112 960 1179 locis
983 1119 1072 1178 recte
1087 1113 1253 1179 Brnnnins
1273 1114 1295 1179 l.
1311 1113 1333 1184 l.
1355 1137 1387 1199 p.
1404 1119 1446 1186 22
1470 1118 1546 1203 egit.
1586 1121 1736 1189 similiter

397 1223 452 1299 36,
467 1224 531 1290 134
547 1219 674 1286 Plinius
698 1241 767 1286 rem
788 1226 917 1285 tantum
939 1220 1079 1304 rettulit,
1103 1241 1203 1304 quam
1218 1220 1443 1306 Theophrasto
1466 1227 1569 1293 accito
1593 1228 1633 1295 de
1656 1252 1734 1315 quo·

396 1326 473 1391 dam
496 1326 567 1392 loco
590 1326 773 1392 tradiderat
795 1325 972 1392 Mucianus.
1017 1348 1095 1392 nam
1117 1348 1156 1393 eo
1179 1333 1310 1393 auctore
1333 1330 1386 1395 hic
1407 1352 1485 1397 usus
1507 1339 1567 1417 est,
1591 1340 1628 1400 ut
1651 1356 1735 1419 quae

396 1431 524 1497 viderat
546 1437 603 1498 aut
626 1437 803 1518 acceperat,
832 1432 1038 1498 confirmaret
1060 1441 1095 1498 et
1118 1432 1160 1498 ad
1183 1433 1326 1516 singulos
1349 1433 1436 1501 locos
1458 1436 1629 1505 adhiberet
1651 1463 1735 1527 qnae

396 1536 641 1623 Theophrastus
665 1539 698 1603 in
722 1539 906 1603 uniuersum
929 1536 1151 1621 contenderat,
1175 1538 1215 1609 ci.
1239 1539 1284 1606 H.
1310 1538 1450 1625 Stadler‚
1474 1544 1522 1606 die
1539 1543 1661 1623 aad..
1683 1551 1736 1614 des

396 1643 519 1707 Plinius
542 1647 584 1709 im
609 1650 663 1710 19.
687 1644 792 1709 Barba
814 1647 867 1709 der
889 1655 953 1709 nat.
976 1644 1044 1713 diet.
1066 1648 1151 1715 1891
1176 1667 1207 1729 p.
1225 1648 1278 1715 48.
1329 1649 1365 1711 11
1378 1647 1549 1715 Μ1111111
1572 1654 1670 1719 etiam
1693 1652 1735 1722 de

394 1752 492 1817 terris
515 1754 581 1838 egit
603 1774 684 1836 quas
701 1773 775 1818 eum
792 1751 915 1816 adiisse
938 1751 1108 1817 nescimus.
1147 1750 1182 1815 id
1205 1752 1291 1836 qnod
1315 1752 1356 1818 de
1374 1751 1489 1820 Rubro
1511 1758 1595 1822 mari
1616 1759 1662 1844 (9,
1676 1764 1732 1846 67)

393 1858 558 1926 Brunnius
589 1861 658 1944 ipse
688 1858 835 1925 coneedit
859 1859 881 1923 l.
904 1858 925 1924 l.
949 1879 981 1941 p.
1006 1860 1060 1927 25.
1114 1858 1200 1923 idem
1231 1859 1272 1924 de
1298 1858 1451 1945 Aegypto
1482 1864 1525 1949 (5,
1540 1869 1595 1949 50)
1624 1868 1733 1935 valere

393 1967 466 2050 quis
490 1966 671 2046 coniecerit,
697 1985 795 2048 quam
818 1965 880 2029 nisi
902 1964 1135 2047 imperatorum
1151 1963 1309 2048 permissu
1331 1971 1497 2032 senatores
1525 1973 1584 2032 aut
1606 1968 1733 2051 equites

393 2072 534 2139 Romani
556 2072 711 2137 inlustres
734 2070 862 2155 ingredi
886 2070 979 2135 vetiti
1002 2075 1096 2135 erant
1119 2069 1211 2156 (Tac.
1227 2092 1301 2137 anu.
1319 2074 1349 2148 2,
1363 2074 1430 2150 59).
1474 2073 1561 2140 adde
1575 2074 1664 2158 quod
1686 2074 1734 2140 ibi

393 2178 583 2246 Herodotus
605 2178 760 2245 narravit.

500 2284 612 2365 itaque
634 2283 822 2348 Mucianum
845 2302 910 2348 non
933 2302 1016 2365 qnae
1039 2287 1194 2364 gesserat,
1218 2281 1276 2347 sed
1298 2302 1382 2365 qnae
1410 2283 1538 2350 uiderat
1560 2285 1612 2351 uel
1632 2285 1732 2352 fando

393 2394 571 2470 acceperat,
595 2408 691 2472 opere
713 2400 771 2454 auo
795 2389 998 2472 complexum
1021 2409 1091 2453 esse
1113 2388 1209 2472 plane
1232 2386 1382 2455 Brnnnio
1405 2388 1579 2456 adsentior.
1626 2411 1731 2474 neque

392 2498 507 2577 contra
530 2493 612 2559 hano
634 2496 827 2561 senteutiam
849 2494 929 2561 facit
952 2495 1041 2579 quod
1065 2497 1151 2578 12,9
1174 2494 1346 2561 Mucianus
1377 2516 1413 2561 se
1442 2496 1532 2561 intra
1559 2496 1730 2580 platanum

391 2599 556 2684 quandam
587 2602 754 2685 epulatum
781 2607 904 2668 narrat.
957 2622 1063 2687 neque
1093 2602 1177 2667 enim
1208 2600 1290 2668 haec
1318 2608 1454 2687 propter
1484 2623 1596 2668 cenam
1625 2602 1731 2669 relata

391 2712 478 2787 suut,
497 2707 554 2773 sed
567 2714 701 2793 propter
716 2708 842 2775 arboris
858 2709 1062 2777 miraculum.
1108 2729 1206 2793 opere
1222 2715 1331 2775 antem
1346 2730 1431 2794 qnae
1445 2715 1553 2775 terrae
1568 2714 1731 2777 tractatae

389 2811 511 2878 inerint
532 2813 708 2881 videamus.
754 2812 891 2880 affertur
915 2814 983 2879 eius
1006 2814 1228 2879 testimonium
1251 2813 1292 2879 de
1308 2813 1395 2881 Asia
1416 2814 1584 2900 Lyciaque
1605 2816 1731 2900 potissi·

390 2942 488 2998 mum,
512 2920 690 2987 sedetiam
721 2920 762 2986 de
791 2920 904 2986 insulis
934 2921 1033 2986 maris
1055 2919 1192 3005 Aegaei.
1240 2941 1324 3004 quas
1355 2921 1503 3005 regiones
1532 2942 1606 2987 enm
1636 2943 1730 3007 pera·

390 3049 501 3113 grasse
536 3035 625 3095 certo
659 3029 788 3097 scimus.
835 3028 920 3094 unde
950 3027 1078 3093 Brunni
1110 3033 1188 3092 nata
1222 3032 1273 3094 est
1306 3028 1476 3108 sententia,
1512 3049 1568 3095 eas
1601 3034 1730 3096 tantum

389 3140 494 3202 terras
508 3134 608 3201 fuisse
624 3136 811 3221 descriptas,
828 3157 910 3219 quas
925 3135 1100 3201 itineribus
1114 3134 1284 3200 Mucianus
1300 3135 1445 3200 adiisset.
1487 3136 1540 3202 cui
1553 3135 1588 3201 id
1602 3136 1730 3222 potissi·

388 3261 476 3308 mum
499 3242 608 3309 favere
630 3248 734 3327 putat,
763 3242 850 3326 quod
867 3242 907 3307 de
923 3240 1105 3310 Germania
1120 3239 1232 3308 Gallia
1246 3241 1420 3307 Britannia
1434 3240 1597 3326 Hispania
1611 3241 1730 3310 Africa

388 3383 433 3398 -
463 3370 539 3414 nam
561 3349 751 3435 Aegyptum
781 3349 824 3416 ad
851 3350 969 3416 Asiam
999 3349 1167 3415 rettuleris
1197 3386 1242 3398 —
1270 3370 1450 3433 numquam
1481 3349 1645 3421 laudatur.
1690 3351 1727 3416 id

388 3455 476 3540 quod
499 3477 576 3522 sane
597 3477 709 3521 verum
731 3461 789 3522 est.
837 3461 945 3522 tamen
968 3454 1010 3521 de
1031 3455 1141 3522 indole
1163 3455 1233 3521 eins
1256 3456 1362 3540 operis
1382 3454 1458 3521 hinc
1479 3455 1527 3520 nil
1542 3457 1623 3522 certi
1643 3456 1729 3524 cilici

387 3562 602 3645 cognoscitur.
634 3584 740 3647 neque
755 3563 840 3628 enim
855 3569 986 3647 praeter
1000 3567 1032 3644 4,
1048 3566 1112 3632 102
1128 3583 1283 3647 nmquam
1299 3564 1335 3626 in
1349 3562 1505 3647 Europae
1519 3562 1728 3630 occidentalis

387 3667 603 3752 descriptione
626 3669 747 3735 Isidori
769 3669 907 3752 vestigia
928 3669 1139 3734 inueniuntur
1160 3689 1200 3734 ac
1221 3690 1262 3734 ne
1277 3667 1419 3735 Sebosus
1442 3668 1573 3753 quidem
1594 3675 1727 3754 praeter

387 3773 539 3840 Africam
573 3774 702 3841 videtur
739 3775 905 3841 adhibitus
939 3795 1017 3841 esse.
1071 3780 1248 3859 utrumque
1281 3795 1356 3840 vero
1389 3781 1555 3841 auctorem
1587 3776 1727 3860 amplius

386 3901 468 3965 opus
500 3881 666 3966 scripsisse
701 3901 765 3947 non
795 3883 864 3947 sine
894 3880 1125 3967 probabilitate
1156 3882 1341 3950 conicimus.
1397 3886 1508 3948 tamen
1540 3882 1568 3946 si
1597 3880 1728 3949 Brunni

386 3988 572 4054 coniectura
594 4008 703 4054 omues
727 3987 939 4055 difficultates
961 3987 1170 4069 solverentur,
1195 4009 1259 4054 non
1282 3992 1366 4053 esset
1389 4008 1454 4071 qno
1477 3989 1509 4054 ei
1529 4009 1726 4074 repugnare-

385 4115 467 4161 mus.
514 4095 626 4161 sedin
648 4096 727 4180 ipsis
749 4095 941 4181 fragmentis
963 4096 1118 4162 nonnulla
1140 4095 1358 4172 inveniuntur,
1381 4113 1467 4179 qnae
1486 4093 1529 4161 ad
1543 4096 1726 4180 opinionem

383 4201 517 4286 qualem
541 4201 708 4267 Brunnius
730 4203 838 4268 animo
862 4202 1019 4285 concepit,
1042 4221 1109 4267 non
1130 4207 1210 4285 apta
1232 4221 1302 4266 esse
1322 4199 1501 4266 videantur.
1539 4224 1616 4268 nam
1636 4206 1668 4284 3,
1681 4207 1724 4274 59

384 4309 431 4375 sic
454 4307 610 4393 explicari
632 4329 697 4374 non
719 4329 813 4393 posse
840 4309 1031 4389 monuimus,
1063 4308 1105 4375 de
1135 4313 1165 4387 5,
1181 4312 1224 4379 50
1256 4314 1290 4374 ct
1319 4311 1350 4389 9,
1364 4308 1408 4377 67
1435 4307 1531 4374 modo
1552 4308 1724 4380 haesimus.

384 4415 471 4481 idem
493 4415 534 4481 de
557 4418 715 4483 mensuris
738 4416 835 4483 valet.
881 4438 924 4483 an
947 4422 1043 4501 putas
1066 4415 1254 4482 Mucianum
1285 4435 1359 4480 cum
1392 4415 1536 4481 exercitu
1564 4437 1605 4482 ex
1628 4414 1725 4502 Syria

383 4544 443 4608 per
465 4523 640 4590 Thraciam
662 4525 796 4592 Italiam
817 4528 993 4609 petentem,
1017 4544 1091 4588 cum
1113 4521 1294 4606 Bosporum
1324 4522 1527 4601 transiceret,
1559 4521 1601 4590 (11
1625 4521 1724 4590 Ponti

382 4629 510 4696 ambitu
548 4632 720 4714 cogitasse,
767 4653 805 4698 eo
845 4630 1049 4715 potissimum
1087 4634 1234 4712 tempore
1272 4649 1337 4713 quo
1377 4628 1419 4694 de
1455 4629 1551 4696 amici
1587 4630 1722 4715 imperio

383 4735 562 4822 agebatur?

490 4849 604 4911 contra
624 4844 666 4911 ad
689 4843 960 4929 chorographiam
982 4843 1091 4908 omnia
1112 4842 1278 4909 commode
1306 4842 1423 4910 referri
1446 4865 1541 4930 posse
1562 4841 1721 4916 videntur.

380 4967 483 5032 quam
505 4952 698 5018 sententiam
720 4950 807 5017 infra
827 4949 958 5018 firmare
980 4948 1179 5018 conabimur.
1226 4949 1266 5015 de
1288 4956 1437 5035 tempore
1459 4971 1534 5017 vero
1553 4949 1720 5015 Brunnins

380 5053 463 5122 baec
484 5057 614 5124 statuit:
648 5077 721 5123 cum
753 5058 787 5122 iu
809 5055 923 5142 Syriae
952 5056 1168 5141 descriptione
1199 5055 1350 5123 aPlinio
1373 5055 1541 5124 Mucianus
1569 5076 1634 5122 non
1663 5055 1720 5122 ad·
