4275 6025
1067 731 1131 794 212

435 960 502 1023 qua
526 938 566 1006 de
587 960 624 1005 re
646 938 689 1005 ad
716 941 935 1007 coniecturam
967 941 1215 1026 confugiendum
1236 947 1294 1012 est.
1338 942 1390 1009 fao
1419 945 1664 1012 commentarios
1693 951 1767 1030 post

430 1047 571 1113 auctoris
592 1053 728 1113 mortem
751 1047 840 1114 iussu
856 1047 996 1130 Augusti
1018 1069 1038 1113 a
1062 1048 1208 1132 quolibet
1230 1049 1352 1134 publici
1373 1049 1452 1115 iuris
1475 1071 1545 1118 esse
1568 1051 1682 1134 laotos,
1707 1054 1764 1138 qui

433 1175 470 1220 eo
494 1154 672 1221 modestiae
693 1154 861 1240 processit,
894 1159 1018 1222 utnon
1040 1176 1134 1222 suum
1166 1176 1281 1223 nomen
1314 1157 1405 1243 operi
1433 1157 1634 1227 inscriberet.
1680 1182 1763 1245 qnae

430 1262 591 1328 sententia
614 1262 726 1327 similis
749 1267 835 1327 certe
859 1266 908 1328 est
932 1259 1127 1342 Schwederi,
1158 1284 1297 1347 quocum
1327 1264 1360 1329 in
1394 1265 1457 1331 hac
1486 1285 1522 1332 re
1550 1288 1588 1334 eo
1610 1267 1764 1335 libentius

428 1369 602 1447 consentio,
627 1369 714 1453 quod
737 1369 770 1433 in
793 1361 955 1454 plerisque
978 1389 1051 1434 eum
1075 1389 1113 1435 eo
1135 1369 1215 1435 mihi
1237 1369 1446 1454 pugnandum
1469 1370 1542 1444 fuit.

990 1682 1204 1692 -—-—----

959 1982 1166 2069 Appendix
1188 1983 1238 2052 II.

459 2249 550 2312 quae
573 2234 668 2300 ratio
692 2235 897 2304 intercedat
920 2234 1019 2304 inter
1045 2233 1261 2305 Sallustium
1284 2238 1322 2304 et
1344 2235 1507 2308 Plinium
1532 2237 1739 2320 llelamoue.

543 2425 716 2494 Schweder
724 2428 751 2514 1)
775 2429 896 2495 iamin
921 2431 1082 2496 communi
1104 2429 1194 2498 fonte
1217 2430 1306 2497 Plini
1328 2431 1499 2517 Melaeque
1514 2430 1643 2498 Livium
1658 2430 1766 2500 Sallu-

432 2533 594 2619 stiumque
630 2535 811 2602 adhibitum
845 2537 944 2602 fuisse
977 2537 1205 2622 perseveravit.
1244 2559 1283 2604 ac
1312 2537 1353 2605 de
1382 2539 1476 2606 Livio
1509 2560 1574 2624 qno
1603 2539 1673 2606 iure
1704 2540 1766 2606 hoc

431 2641 578 2721 dixisset,
602 2664 702 2729 supra
725 2645 905 2729 expositum
928 2651 978 2710 est
1000 2644 1041 2714 cf.
1059 2668 1091 2730 p.
1109 2647 1139 2715 6.
1183 2646 1386 2731 nequeenim
1403 2645 1516 2712 Irivius
1530 2650 1627 2731 pater
1640 2647 1765 2712 intelle·

430 2750 554 2834 gendus
577 2755 635 2831 est,
661 2751 718 2816 sed
737 2750 833 2832 filius,
858 2753 966 2818 necin
988 2752 1145 2837 primario
1168 2752 1257 2818 fonte
1280 2752 1445 2820 adhibitus
1468 2759 1526 2836 est,
1550 2753 1606 2820 sed
1624 2753 1678 2820 hic
1699 2751 1767 2818 illic

431 2877 451 2922 a
474 2856 581 2923 Plinio
604 2856 647 2923 ad
670 2879 744 2924 eum
772 2857 956 2944 augendum
987 2859 1120 2926 accitus.
1167 2859 1207 2924 de
1230 2857 1385 2926 Sallustio
1393 2859 1421 2948 2)
1444 2881 1518 2926 vero
1541 2880 1594 2926 res
1617 2865 1667 2926 est
1688 2879 1765 2926 sane

432 2962 531 3049 digna
564 2985 649 3049 quae
684 2962 858 3049 diligenter
892 2965 1104 3033 examinetur.
1127 2965 1129 2970 ’
1150 2985 1227 3031 nam
1258 2965 1405 3050 quamvis
1436 2964 1508 3033 fieri
1541 2967 1692 3051 potuerit,
1728 2968 1766 3032 ut

432 3070 541 3140 Varro
565 3070 757 3139 Sallustium
779 3072 905 3158 legerit,
930 3074 959 3139 si
981 3079 1122 3139 aetatem
1137 3071 1243 3139 solum
1258 3073 1457 3157 respicimus,
1479 3078 1589 3141 tamen
1605 3094 1643 3140 ea
1658 3073 1765 3159 opinio

430 3180 510 3246 mihi
533 3181 667 3265 quidem
695 3202 811 3266 parum
834 3182 1016 3247 verisimilis
1039 3181 1176 3247 videtur.
1221 3180 1333 3265 itaque
1365 3200 1522 3265 exponam
1552 3202 1683 3248 necesse
1706 3186 1765 3266 est,

430 3308 495 3370 qua
526 3289 651 3354 ratione
684 3290 909 3355 similitudines
940 3310 1022 3373 quas
1054 3286 1224 3354 Schweder
1256 3289 1445 3382 composuit,
1473 3289 1639 3373 explicem.
1673 3287 1766 3373 proin

429 3395 572 3480 singulas
595 3396 629 3461 in
653 3416 788 3461 examen
811 3416 968 3463 vocemus.

542 3503 647 3567 multa
681 3508 789 3569 autem
822 3524 862 3569 ex
894 3503 940 3567 eis
973 3523 1056 3587 quae
1089 3502 1145 3569 ille
1167 3501 1308 3592 collegit,
1337 3500 1386 3567 ita
1408 3506 1596 3585 comparata
1618 3507 1704 3585 sunt,
1727 3506 1766 3567 ut

434 3610 530 3695 plane
562 3608 644 3676 nihil
675 3608 843 3675 efficiatur.
890 3608 978 3675 velut
1009 3607 1090 3676 Sall.
1121 3607 1197 3673 hist.
1230 3605 1291 3692 ing.
1322 3610 1353 3688 2,
1368 3610 1411 3676 54
1433 3606 1539 3673 Maur.
1572 3610 1649 3673 into
1682 3609 1765 3673 hooc

430 3718 579 3780 moenium
613 3727 641 3781 et
670 3718 823 3779 decwrum
853 3714 971 3801 flumen
1010 3714 1136 3777 Turtam
1170 3715 1250 3799 quod
1285 3711 1453 3777 Volcatium
1481 3736 1581 3799 paruo
1613 3714 1766 3779 interuallo

429 3822 614 3908 praeterfluit
637 3821 820 3888 adhibitum
845 3844 913 3888 esse
937 3823 1052 3888 statuit
1075 3821 1162 3906 apud
1178 3842 1378 3887 communem
1394 3826 1559 3888 auctorem
1573 3820 1662 3887 Plini
1677 3824 1708 3901 3,
1721 3824 1764 3891 20

440 3929 575 3994 Valentia
597 3930 709 3994 colonia
731 3920 800 3992 TIT
818 3952 852 4015 p.
876 3952 904 3994 a.
935 3930 1016 3992 mord
1044 3940 1166 4003 recocto,
1194 3927 1307 4011 flumen
1335 3928 1461 3992 Turium
1489 3934 1522 3994 et
1548 3928 1650 3995 Melae
1674 3932 1704 4010 2,
1722 3930 1764 3997 92

431 4035 533 4121 (sinus
566 4036 789 4119 Sucronensis)
821 4034 946 4101 Sorobin
977 4048 1003 4100 ot
1031 4036 1157 4099 Turtam
1187 4046 1213 4098 et
1243 4033 1406 4100 Sacrorum
1434 4057 1494 4099 noo
1524 4058 1635 4121 capua
1657 4036 1767 4123 accipit

428 4140 568 4224 flumina,
600 4143 688 4207 urbes
720 4143 889 4228 coepulonus
921 4154 948 4207 et
978 4143 1056 4206 alios
1079 4142 1208 4227 porilem,
1240 4144 1292 4205 sed
1312 4144 1479 4205 consumas
1510 4142 1675 4207 Valentiam
1697 4164 1763 4228 eqs.

430 4249 522 4331 quasi
545 4250 793 4315 reconditiorem
816 4248 851 4314 hi
874 4250 1054 4316 doctrinam
1078 4250 1289 4334 protulissent
1313 4248 1355 4315 ab
1371 4249 1526 4315 historico
1545 4250 1763 4337 repetendam.

541 4426 562 4497 1)
581 4424 713 4497 Beitrdpe
734 4425 766 4480 ΙΙ
790 4426 860 4482 1878
888 4444 914 4495 p.
941 4426 975 4483 68
1001 4426 1064 4483 adn.
1088 4443 1180 4498 progr.
1199 4426 1266 4482 Kiel
1289 4426 1359 4482 1879
1377 4443 1405 4496 p.
1423 4427 1471 4494 173
1489 4424 1591 4481 Philol.
1615 4427 1651 4483 46
1671 4427 1763 4499 (1888)

429 4531 457 4584 p.
476 4515 528 4571 278
547 4532 587 4585 sq.
941 4568 944 4575 ,

539 4604 559 4675 ²)
579 4604 738 4659 Sallustium
757 4621 774 4658 a
792 4603 886 4659 Plinio
904 4605 1007 4660 lectum
1026 4621 1087 4659 esse
1105 4622 1156 4661 nec
1173 4605 1231 4660 ulla
1249 4621 1279 4659 re
1297 4604 1432 4674 probatur
1452 4609 1481 4658 et
1500 4604 1613 4659 ornnino
1631 4620 1687 4657 non
1704 4604 1764 4658 veri

430 4693 520 4748 simile
545 4698 587 4748 est
611 4697 760 4764 propterea
785 4694 859 4763 quod
883 4694 1028 4749 historicos
1052 4694 1152 4749 mirum
1177 4697 1310 4764 quantum
1327 4692 1433 4748 Plinius
1458 4694 1590 4765 neglexit.
1627 4709 1660 4747 ac
1677 4710 1713 4749 ne
1731 4708 1764 4747 es

429 4783 541 4850 quidem
566 4801 636 4853 quae
660 4800 694 4838 ex
712 4782 828 4838 Sallusti
851 4784 974 4839 historiis
992 4784 1102 4839 fluxisse
1120 4784 1259 4854 videntur,
1282 4801 1317 4839 ex
1337 4784 1399 4853 ipso
1418 4800 1501 4853 opere
1519 4784 1619 4839 hausta
1637 4786 1709 4852 sunt,
1727 4781 1762 4837 cf.

428 4871 671 4945 Maurenbrecher,
691 4874 810 4932 Sallusti
827 4875 1006 4933 distortarum
1025 4875 1157 4944 reliquatus
1173 4873 1190 4928 I
1208 4876 1277 4931 1891
1301 4892 1329 4945 p.
1348 4876 1391 4930 13.
1411 4875 1454 4930 88.
1474 4875 1516 4931 66.
1535 4874 1579 4931 76.
1598 4889 1763 4943 quamquam

430 4980 496 5031 quas
516 4962 623 5017 addidit
641 4967 677 5017 de
695 4962 772 5017 Plini
789 4963 913 5019 lontibus
933 4965 1106 5020 coniecturas
1128 4964 1177 5017 vix
1200 4963 1351 5018 defendere
1369 4962 1481 5018 valebit.
1518 4967 1641 5017 ceterum
1659 4960 1762 5018 Varro·

431 5067 493 5106 nem
512 5051 542 5106 in
561 5051 640 5106 libris
666 5052 701 5106 de
726 5051 809 5107 rebus
835 5052 948 5107 urbanis
973 5052 1171 5121 componendis
1195 5052 1325 5109 Sallustio
1348 5069 1429 5108 usum
1454 5068 1514 5107 esse
1531 5051 1764 5109 Maurenbrecher

430 5141 480 5195 ll.
500 5158 528 5211 p.
547 5142 582 5197 43
601 5141 728 5198 coniecit.
756 5141 854 5212 quidni
871 5140 1005 5197 invicem?
