4275 6025
1086 652 1129 715 96

439 862 654 948 collocavit1).
701 863 885 947 importune
908 865 1017 925 autem
1040 861 1070 925 ei
1093 859 1221 940 accidit,
1247 860 1334 943 quod
1357 881 1393 926 re
1416 881 1480 926 non
1503 862 1583 927 satis
1605 862 1781 947 diligenter

439 974 575 1055 peracta
601 967 763 1053 quaedam
790 966 998 1033 nominabis
1026 973 1195 1051 apparent.
1243 968 1290 1032 sic
1316 970 1425 1031 exstat
1447 965 1565 1030 Selinus
1591 970 1625 1033 in
1654 970 1779 1055 periplo

439 1080 470 1157 3,
485 1080 538 1156 90,
563 1080 598 1141 at
621 1078 652 1153 3,
666 1078 707 1145 91
732 1074 820 1139 intus
846 1070 1003 1151 Selinunti,
1026 1071 1178 1159 Drepana
1200 1072 1234 1137 in
1257 1092 1314 1138 ora
1337 1076 1369 1154 3,
1383 1074 1436 1150 90,
1463 1071 1672 1157 Drepanitcni
1693 1076 1723 1156 3,
1736 1078 1778 1144 91

438 1184 537 1253 intus.
584 1202 688 1267 neque
711 1182 795 1247 enim
820 1182 902 1245 sicut
925 1177 1118 1265 Ountzius')
1140 1179 1254 1257 voluit,
1278 1182 1309 1267 3,
1320 1181 1364 1247 90
1386 1200 1448 1243 vox
1466 1180 1715 1264 promunturium
1736 1178 1780 1244 ad

439 1289 597 1373 Drepana
623 1289 785 1373 pertinere
812 1291 935 1371 potest3
963 1286 1061 1351 immo
1088 1285 1269 1351 necessario
1300 1283 1343 1349 ad
1373 1282 1565 1368 Lilybaeum
1595 1285 1780 1351 referuntur

438 1395 552 1461 verba:
577 1397 615 1459 ab
638 1415 669 1459 so
687 1396 934 1480 promuntorium
950 1398 1008 1479 (sc.
1025 1392 1174 1478 dictum).
1214 1391 1431 1477 Drepanitani
1450 1400 1559 1459 autem
1574 1391 1780 1476 promunturi

438 1502 567 1568 omnino
581 1500 708 1567 Plinius
730 1502 889 1566 rationem
912 1520 976 1566 non
996 1499 1104 1566 habet.
1139 1500 1311 1565 discrimen
1327 1499 1500 1566 intercedit
1514 1501 1599 1566 inter
1614 1500 1777 1583 periplum

439 1616 472 1675 et
487 1608 618 1675 tabulas
634 1608 731 1673 etiam
747 1607 787 1671 de
803 1607 921 1691 oppido
933 1605 1039 1672 Naxo.
1065 1606 1153 1690 quod
1168 1606 1235 1672 illic
1249 1606 1385 1690 periisse
1397 1605 1528 1672 dicitnr:
1544 1606 1775 1669 Tauromenium

438 1736 514 1801 quae
538 1726 626 1777 actea
641 1712 759 1792 Nasos,
784 1713 823 1778 cf.
840 1712 947 1779 Strab.
965 1715 1030 1783 267
1055 1710 1090 1777 αἱ
1112 1712 1147 1777 δὲ
1169 1713 1290 1795 μεταξὺ
1306 1711 1454 1799 Κατάνης
1472 1714 1527 1777 καὶ
1542 1712 1780 1799 Συρακουσσῶν

439 1818 577 1908 (πόλεις)
614 1817 819 1885 ἐκλελοίπασι
852 1818 962 1899 Νάξος
994 1819 1049 1883 καὶ
1082 1824 1225 1906 Μέγαρα.
1279 1820 1336 1885 sed
1368 1820 1458 1886 Naxi
1489 1822 1574 1885 inter
1605 1820 1779 1905 Augustea

437 1930 601 2012 leguntur.

549 2034 661 2119 plenos
683 2033 828 2117 Augusti
858 2034 1009 2099 aPlinio
1039 2034 1213 2101 laterculos
1241 2036 1276 2100 in
1304 2034 1433 2102 Siciliae
1463 2034 1676 2118 descriptione
1706 2053 1778 2118 pro·

438 2142 562 2227 positos
585 2161 655 2205 esse
678 2140 837 2211 contendi.
885 2145 920 2205 at
944 2142 1028 2206 enim
1051 2140 1242 2226 Ountainsss)
1265 2145 1296 2224 3,
1309 2145 1353 2211 88
1379 2162 1550 2207 numerum
1580 2141 1709 2206 urbium
1739 2159 1779 2203 ac

440 2248 609 2313 civitatum
632 2246 759 2313 LXIII
782 2248 1037 2314 imminuendum
1059 2251 1186 2315 censuit
1207 2256 1380 2335 propterea
1402 2248 1490 2333 quod
1512 2245 1618 2313 LXII
1648 2247 1779 2312 nomina

438 2356 474 2421 in
497 2352 628 2422 Siciliae
651 2356 865 2439 descriptione
888 2355 1082 2440 legerentur.
1128 2377 1193 2422 nen
1216 2356 1328 2422 adfero
1351 2356 1477 2422 codices
1500 2356 1533 2420 in
1559 2353 1617 2418 illo
1646 2372 1778 2417 numero

439 2462 619 2527 consentire
647 2461 849 2544 eundemque
876 2466 945 2526 tam
973 2482 994 2527 a
1020 2461 1185 2528 Martiano
1218 2458 1355 2546 Capella
1382 2464 1447 2531 647
1475 2482 1574 2545 quam
1601 2480 1622 2524 a
1649 2458 1779 2525 Dicuile

439 2573 505 2651 8,3
533 2568 665 2635 firmari.
715 2588 791 2633 nam
817 2567 872 2632 ubi
900 2570 1116 2645 necessariam
1143 2589 1214 2634 esse
1241 2569 1452 2634 mutationem
1483 2572 1686 2653 perspectum
1717 2571 1777 2647 est,

439 2674 582 2742 codicum
606 2674 698 2740 nulla
721 2679 770 2739 est
793 2675 980 2741 auctoritas.
1026 2682 1062 2740 at
1080 2675 1272 2741 obscuratur
1286 2675 1344 2741 illa
1358 2676 1537 2740 mutatione
1552 2676 1635 2739 ratio
1651 2672 1778 2739 tabula·

438 2805 511 2848 rum
535 2781 690 2865 Augusti.
737 2780 864 2845 Plinius
888 2785 996 2844 autem
1019 2800 1060 2844 ne
1083 2782 1290 2847 numerandis
1311 2783 1493 2847 nominibus
1508 2786 1635 2865 tempus
1651 2779 1779 2845 triverit

438 2910 504 2956 non
531 2909 653 2954 vereor.
704 2888 760 2954 sed
788 2908 827 2953 ex
854 2887 925 2971 ipso
956 2907 1091 2953 numero
1119 2886 1245 2953 LXIII
1281 2888 1538 2954 concludendum
1569 2908 1638 2953 esse
1669 2885 1777 2952 iudico

438 2994 630 3083 Liparam⁴)
669 3015 707 3061 eo
745 3015 879 3059 numero
912 2992 1013 3060 tuisse
1048 2994 1320 3080 comprehensam.
1377 2994 1464 3061 unde
1498 2993 1639 3060 efficitur
1672 3000 1710 3059 ut
1742 2993 1778 3060 in

439 3103 584 3188 Augusti
622 3102 787 3168 laterculis
821 3100 959 3166 Aeoliae
992 3101 1118 3167 insulae
1157 3124 1229 3168 cum
1264 3103 1376 3169 Sicilia
1416 3102 1605 3169 coniunctae
1643 3100 1775 3168 fuerint

438 3209 565 3275 Plinius
588 3231 664 3275 vero
687 3231 760 3276 cum
784 3230 839 3275 eas
859 3207 1026 3274 divelleret
1041 3231 1061 3274 a
1077 3207 1207 3275 Siciliae
1227 3209 1451 3294 descriptione,
1466 3230 1635 3274 numerum
1650 3214 1777 3273 mutare

438 3317 630 3400 supersedit.

548 3431 657 3496 Plinio
683 3429 829 3513 Augusti
859 3430 990 3496 tabulas
1020 3431 1109 3516 ipsas
1140 3435 1269 3516 praesto
1300 3430 1400 3497 fuisse
1432 3432 1687 3497 demonstratum
1719 3434 1776 3497 cst

440 3544 548 3604 tamen
571 3558 637 3603 non
659 3559 763 3621 aeque
785 3538 825 3603 de
848 3537 996 3603 omnibus
1018 3539 1190 3622 provinciis
1213 3560 1267 3605 eas
1290 3539 1459 3606 consuluit.
1505 3559 1589 3623 quae
1616 3559 1668 3605 res
1698 3560 1778 3624 quo·

439 3645 535 3711 modo
558 3643 749 3729 explicanda
772 3645 815 3711 sit
837 3644 1012 3714 videamus.

547 3760 705 3827 Ountzius
729 3760 894 3827 commode
921 3760 1137 3848 composuitl)
1164 3761 1282 3844 quihus
1309 3762 1343 3826 in
1370 3761 1466 3827 terris
1488 3720 1616 3827 Plinius
1645 3761 1777 3826 tabulas

437 3868 599 3934 censorias
622 3888 687 3934 non
709 3868 841 3934 adisset.
887 3887 925 3932 ac
940 3866 1055 3933 Norici
1069 3866 1277 3951 Moesiaeque
1293 3868 1521 3952 descriptiones
1544 3869 1678 3950 (3,146.
1696 3865 1776 3953 149)

438 3973 526 4039 nullo
549 3974 644 4039 modo
668 3995 741 4039 cum
764 3994 801 4040 eo
824 3972 950 4059 periplo
974 3972 1147 4038 cohaerent
1169 3993 1234 4058 quo
1257 3973 1292 4038 in
1315 3974 1467 4058 Europae
1490 3994 1548 4040 ora
1573 3970 1777 4038 meridionali
1882 4015 1888 4024 -

548 4238 568 4308 ¹)
587 4254 644 4291 non
666 4240 742 4292 recte
765 4237 913 4292 Schweder
935 4237 1024 4295 Beitr.
1047 4237 1095 4292 Ill
1118 4240 1188 4295 1883
1211 4256 1239 4308 p.
1258 4241 1294 4296 40
1318 4237 1693 4301 sl.l{slaa,1181·stss'ss
1714 4254 1776 4294 asro

438 4322 568 4379 Leontini
594 4328 622 4380 st
652 4324 863 4394 Centuripinum
893 4330 921 4382 st
949 4326 1045 4398 Hybla
1082 4327 1203 4396 almus
1240 4328 1393 4397 complures
1432 4329 1569 4382 conclusit
1606 4329 1663 4382 iam
1701 4327 1777 4397 apud

438 4428 612 4467 communem
639 4418 780 4469 auctorem
804 4414 954 4470 laterculos
979 4433 1042 4470 cum
1066 4416 1253 4486 descriptione
1281 4417 1367 4470 fuisse
1393 4417 1564 4471 coniunctos.
1610 4417 1640 4470 id
1667 4423 1777 4472 tantum

438 4502 560 4556 concedo
578 4501 653 4573 apud
671 4502 750 4556 illum
768 4503 852 4558 etiam
870 4504 905 4558 de
923 4505 1133 4560 mediterraneis
1151 4507 1261 4576 oppidis
1279 4506 1416 4575 quaedam
1433 4506 1519 4560 fuisse
1531 4507 1651 4576 prolata.
1682 4511 1712 4560 at
1723 4523 1776 4576 pro

437 4589 482 4644 his
500 4588 609 4646 Plinius
626 4591 757 4646 uberiora
774 4608 809 4649 ex
827 4594 956 4666 Augusto
974 4595 1125 4650 substituIt.
1161 4612 1232 4665 quae
1250 4596 1279 4648 in
1296 4596 1358 4665 ipsa
1374 4595 1468 4651 Sicilia
1485 4612 1542 4649 non
1560 4596 1595 4650 ab
1613 4595 1695 4650 initio
1713 4613 1778 4650 cum

437 4676 576 4746 periegesi
594 4678 749 4734 cohaerent.

547 4766 568 4835 ⁹)
588 4765 659 4822 1888
677 4784 705 4836 p.
724 4767 768 4822 31.

547 4854 568 4924 ³)
587 4855 658 4911 1888
676 4873 702 4925 p.
723 4857 766 4912 31.

546 4944 569 5103 :3
587 4943 658 5092 3333
676 4944 785 5106 &aa
801 4961 862 5002 cem
881 4946 983 5003 sinim
1000 4946 1191 5006 Romanorum
1208 4948 1316 5020 oppido.
