4275 6025
1013 702 1077 767 129

374 914 527 999 Agrippa
549 914 667 980 iudioo.
712 935 788 980 nam
810 913 901 980 ride:
923 918 1055 997 praeter
1070 911 1202 980 Italiam
1218 910 1444 997 11101110ωο00
1466 912 1497 978 01
1511 911 1713 980 adiacentem

372 1042 552 1105 numquam
576 1021 744 1105 Agrippea
774 1021 877 1105 primo
907 1020 977 1086 loco
1006 1024 1175 1105 apparent,
1198 1019 1257 1085 sed
1279 1040 1406 1103 semper
1428 1020 1515 1085 sicut
1534 1021 1714 1087 rectissime

372 1129 439 1194 iam
462 1125 701 1193 Oehmichenus
725 1128 883 1211 exposuit,
906 1125 950 1193 ad
977 1125 1076 1192 aliam
1105 1125 1350 1211 descriptionem
1384 1126 1512 1192 adnexa
1539 1133 1623 1195 sunt
1667 1127 1714 1193 ihi

372 1240 483 1299 autem
513 1255 571 1299 cur
593 1232 720 1299 Plinius
748 1234 856 1319 priore
885 1234 955 1300 loeo
977 1234 1149 1317 Agrippae
1175 1233 1369 1299 sententiam
1398 1233 1587 1317 respexerit,
1610 1234 1713 1300 011010

375 1339 544 1420 Varronis,
573 1341 627 1405 vix
659 1347 709 1405 est
739 1340 826 1424 quod
860 1338 965 1405 fusius
998 1360 1165 1423 exponam.
1226 1339 1261 1405 id
1295 1340 1381 1405 euim
1414 1338 1567 1423 Agrippa
1600 1339 1715 1406 Italiae

288 1455 291 1461 '
372 1446 514 1530 spatium
537 1446 698 1530 praebuit,
721 1446 808 1531 quod
831 1446 919 1511 Plini
941 1446 1042 1531 ipsius
1065 1451 1175 1511 aetate
1197 1446 1309 1513 valuit.

488 1553 562 1619 dein
585 1552 785 1618 differentiae
807 1552 931 1618 multae
953 1552 1100 1618 existunt
1128 1553 1214 1618 iuter
1237 1551 1440 1637 Agrippeam
1470 1558 1634 1619 terrarum
1661 1552 1712 1618 di·

375 1659 529 1724 visionem
560 1664 593 1723 01
622 1678 694 1723 eam
733 1678 818 1742 quae
846 1658 881 1723 in
911 1657 1068 1742 periegesi
1102 1656 1303 1724 observetur.
1352 1657 1441 1723 velut
1470 1658 1637 1742 Illyricum
1670 1659 1714 1725 ab

375 1762 527 1848 Agrippa
541 1784 645 1849 usque
659 1763 702 1829 ad
718 1764 996 1829 Acroceraunium
1012 1763 1273 1847 promunturium
1287 1763 1425 1849 produci
1440 1764 1504 1830 iam
1520 1767 1712 1845 notavimus,

372 1870 408 1934 in
430 1869 589 1953 periegesi
612 1871 721 1950 3,145
745 1891 764 1931 o
784 1866 873 1932 Lisso
896 1869 1073 1933 Macedonia
1091 1861 1257 1955 promocio
1295 1875 1410 1937 0011110
1434 1872 1581 1956 Agrippa
1606 1873 1714 1939 Mace·

374 1974 505 2040 doniam
528 1977 648 2039 (10001110
662 1974 844 2039 medentes
865 1974 985 2041 finivit:
1009 1976 1153 2043 Dimens.
1176 1998 1266 2061 pror.
1291 1982 1331 2045 11
1350 1976 1454 2043 Divis.
1469 1978 1540 2047 orb.
1567 1981 1618 2047 13.
1653 1978 1714 2045 ibi·

372 2081 449 2147 dem
471 2080 586 2146 fluvius
609 2081 666 2165 qui
682 2082 714 2147 in
730 2082 887 2166 periegesi
902 2082 1008 2148 Drino
1022 2089 1239 2167 nuncupatur,
1263 2083 1397 2154 Dirinus
1420 2090 1470 2150 est
1492 2084 1548 2171 (of.
1565 2085 1712 2152 Dimens.

374 2208 463 2271 prov.
487 2190 530 2255 18
544 2186 674 2271 flumine
688 2185 813 2271 Drino).
853 2188 931 2253 item
945 2188 977 2253 in
993 2187 1156 2271 Hispania
1170 2188 1299 2256 Plinius
1313 2191 1353 2256 ab
1370 2191 1541 2276 Agrippan
1555 2192 1713 2258 divisione

374 2295 518 2360 recessit.
564 2294 650 2360 unde
673 2296 739 2359 iam
762 2294 970 2361 Detlefsenus
992 2296 1152 2380 periplum
1174 2296 1317 2366 Varroni
1338 2298 1513 2383 adscripsit
1521 2298 1559 2385 ¹).
1601 2319 1714 2384 quam·

375 2422 473 2485 quam
495 2402 583 2486 quod
605 2401 787 2486 Hispaniae
810 2401 1058 2485 descriptionem
1081 2401 1178 2469 aliter
1206 2409 1429 2488 comparatam
1458 2403 1538 2469 dicit
1570 2425 1608 2470 00
1638 2404 1715 2470 1011·

374 2528 517 2592 quarum
547 2516 719 2587 terrerum,
752 2514 841 2573 erret
870 2527 976 2593 neque
1005 2507 1124 2592 quihus
1149 2508 1247 2575 rebus
1269 2508 1447 2591 differrent,
1471 2510 1714 2578 demonstrarit.

376 2624 485 2683 tamen
514 2637 556 2683 ne
577 2616 757 2701 Hispaniae
787 2616 917 2700 quidem
947 2615 1126 2700 periegesin
1156 2620 1259 2681 totam
1283 2614 1426 2684 Varroni
1454 2616 1599 2683 tribuere
1629 2616 1717 2682 licet.

376 2744 451 2787 nam
475 2728 512 2787 ut
535 2743 626 2789 oram
654 2720 941 2806 septentrionalem
970 2741 1057 2786 nune
1086 2721 1262 2803 mittamus,
1296 2722 1405 2805 ipsum
1433 2720 1517 2787 illud
1543 2720 1585 2787 de
1606 2722 1715 2789 Barea

377 2828 529 2895 Baeticae
551 2828 717 2913 adscripta
733 2830 900 2914 Agrippae
915 2829 1143 2895 vindicandum
1165 2849 1235 2895 esse
1257 2829 1361 2896 uisum
1384 2835 1443 2911 est,
1467 2851 1507 2896 ac
1529 2852 1570 2897 ne
1585 2851 1626 2895 ea
1640 2831 1717 2914 qui·

375 2936 449 3001 dem
480 2956 565 3020 quae
595 2937 635 3002 de
658 2937 777 3002 Hiberi
805 2935 949 3003 fontibus
980 2939 1063 3026 3‚21
1095 2938 1250 3022 leguntur
1279 2937 1430 3003 universa
1456 2936 1616 3005 Varronis
1645 2956 1715 3002 esee

376 3048 520 3127 possunt.
576 3043 693 3110 deinde
730 3044 764 3108 in
794 3041 934 3110 Graecia
971 3064 1102 3129 quoque
1131 3045 1334 3130 Agrippeam
1369 3043 1555 3109 divisionem
1585 3042 1716 3109 Plinius

376 3170 493 3233 parum
515 3151 667 3235 respexit.
713 3149 769 3216 1110
792 3151 877 3215 enim
899 3149 1039 3234 Epirum
1061 3150 1225 3216 Achaiam
1239 3151 1389 3216 Atticam
1407 3149 1608 3216 Thessaliam
1631 3171 1717 3215 oom-

376 3254 547 3338 prehendit
558 3255 657 3338 (Plio.
671 3261 703 3334 4,
716 3258 759 3325 32
770 3255 873 3324 Diris.
886 3255 954 3324 orb.
970 3259 1011 3325 12
1024 3255 1170 3323 Dimens.
1181 3277 1270 3340 prov.
1283 3257 1356 3341 12):
1373 3255 1520 3322 Achaiae
1531 3256 1715 3341 provinciae

376 3365 506 3446 praeter
535 3362 794 3428 additamentum
824 3367 856 3443 4,
870 3363 913 3431 22
940 3362 995 3427 vix
1016 3383 1133 3428 nomen
1152 3361 1327 3441 indicatur,
1349 3363 1435 3429 ratio
1450 3363 1485 3428 in
1500 3362 1718 3447 descriptione

376 3469 518 3534 habetur
532 3469 633 3534 nulla.
660 3473 731 3534 tum
746 3474 778 3547 4,
791 3471 831 3538 91
842 3466 1029 3560 ‚Sarmatiae
1044 3467 1196 3555 Scythiae
1207 3469 1365 3536 Tauricae
1382 3469 1716 3554 011010010οΒ0ηο-

375 3577 473 3642 thene
496 3597 590 3642 amne
612 3580 737 3642 tractus
760 3597 926 3641 mensuras
949 3575 1101 3660 Agrippa
1123 3577 1239 3661 posuit
1286 3576 1368 3643 haec
1390 3596 1454 3642 non
1480 3575 1587 3640 minus
1615 3595 1716 3658 quam

376 3689 409 3760 4,
422 3686 466 3752 80
489 3682 659 3767 Agrippea
681 3703 701 3747 a
722 3682 880 3766 periegesi
907 3681 1023 3760 aliena,
1055 3683 1090 3747 in
1120 3703 1187 3766 qua
1208 3681 1379 3749 Sarmatae
1406 3701 1471 3746 non
1498 3680 1715 3745 nominantur.

375 3811 474 3876 porro
496 3795 529 3871 4,
542 3793 584 3859 89
608 3787 818 3855 Germaniam
847 3810 920 3854 cum
941 3788 1062 3854 Raetia
1092 3795 1125 3854 et
1147 3789 1270 3856 Norico
1293 3789 1447 3872 Agrippa
1473 3784 1650 3860 coniunxit,
1681 3788 1718 3846 01

377 3896 504 3962 Plinius
527 3895 588 3962 has
613 3897 795 3981 provincias
826 3897 890 3962 alio
922 3897 992 3962 loco
1022 3898 1185 3978 tractarit,
1219 3897 1283 3962 alio
1306 3891 1530 3961 Germaniam.
1576 3887 1717 3969 denique

377 4024 418 4068 ue
441 4002 503 4068 hoc
525 4003 654 4086 quidem
676 4003 773 4070 velim
798 4003 934 4088 neglegi,
961 4005 996 4069 iu
1016 4002 1116 4070 Ponti
1146 4003 1303 4069 mensuris
1326 4004 1371 4083 (4,
1384 4002 1428 4068 74
1436 3996 1502 4080 sq.)
1535 4013 1616 4079 quas
1646 4012 1720 4056 am·

376 4110 538 4194 plissimas
561 4130 680 4194 magna
702 4130 775 4176 cum
791 4109 960 4194 diligentia
974 4109 1104 4176 Plinius
1125 4109 1265 4193 collegit,
1288 4109 1394 4192 primo
1409 4105 1480 4170 loco
1496 4099 1721 4171 Varronianas

377 4217 512 4282 inveniri
535 4222 569 4282 et
591 4217 731 4283 maxima
754 4237 827 4282 cum
851 4237 929 4283 cura
951 4237 1005 4282 eas
1029 4237 1099 4282 esse
1121 4217 1290 4302 speciatim
1312 4212 1489 4297 expositas.

487 4325 600 4408 itaque
615 4325 786 4410 Agrippae
808 4345 898 4408 opus,
922 4325 1068 4408 quamvis
1091 4324 1195 4389 multa
1218 4342 1259 4388 ex
1281 4341 1319 4385 00
1338 4317 1493 4403 petiverit
1508 4312 1644 4390 Plinius,
1661 4329 1722 4393 pro

376 4429 588 4498 fundamento
612 4433 642 4496 ei
664 4452 726 4505 non
750 4430 821 4513 luit,
850 4430 908 4496 sed
930 4429 1100 4500 Varronis.
1140 4449 1224 4514 quae
1247 4426 1410 4492 sententia
1433 4419 1561 4487 duobus
1579 4417 1724 4482 indicum

377 4537 457 4603 locis
479 4538 608 4622 egregie
630 4536 760 4602 videtur
781 4535 899 4602 fulciri.

488 4645 522 4710 in
553 4644 613 4710 III
635 4645 719 4710 enim
742 4642 857 4722 indice,
882 4643 911 4708 si
933 4639 1060 4708 codices
1083 4638 1258 4722 sequimur,
1281 4642 1393 4702 terrae
1415 4635 1480 4699 hoc
1503 4631 1615 4698 ordine
1637 4647 1734 4690 com·⁴

377 4756 597 4816 memorantur
630 4755 673 4836 (p.
698 4754 750 4832 22,
764 4755 808 4821 20
834 4749 939 4833 Detl.)
970 4746 1086 4811 Italiae
1115 4743 1321 4829 (descriptio)
1352 4765 1373 4805 0
1396 4739 1507 4802 Locris
1532 4753 1627 4818 'osque
1659 4728 1729 4845 Ra:

377 4875 512 4921 0000000.
528 4857 669 4925 dePade.
685 4857 797 4922 11011αο
812 4867 897 4920 hone
912 4855 1045 4932 Padum,
1062 4850 1193 4937 Alpium
1208 4860 1235 4913 et
1242 4850 1379 4934 pretium
1393 4846 1595 4930 Alpinarum,
1608 4833 1728 4918 Illyria

378 4995 592 5010 b———

487 5083 509 5154 ¹)
528 5100 627 5142 comm.
645 5084 771 5142 Momms.
791 5085 871 5142 1877.

431 5179 524 5230 111010,
539 5181 682 5232 Quaestione·
695 5182 817 5226 Plinlanee.
1541 5154 1559 5208 ⁹
