4275 6025
1049 715 1112 779 126

410 924 494 993 illud
516 926 630 1012 utique
651 924 853 1011 probabilius
876 970 918 984 -
942 926 977 991 in
999 927 1133 1011 Arpiooe
1155 946 1332 1011 cognomen
1354 925 1446 993 abiit.
1485 925 1566 1009 qnid
1587 926 1673 991 enim
1691 924 1750 991 Ia·

412 1033 483 1099 soni
506 1053 580 1099 cum
603 1032 728 1117 Argis?

523 1159 621 1223 porro
644 1138 685 1205 de
699 1138 829 1205 Blanda
852 1144 885 1205 et
900 1138 970 1205 Iao
993 1138 1126 1205 flumine
1148 1141 1194 1223 (3,
1207 1138 1264 1225 72)
1280 1137 1399 1205 ibidem
1415 1136 1654 1205 Oebmichenus
1669 1138 1747 1222 egit.

411 1244 469 1313 sed
492 1248 522 1328 3,
536 1249 579 1317 62
610 1245 759 1312 similiter
788 1250 957 1330 peccatum
986 1266 1055 1313 esse
1077 1245 1157 1312 mihi
1179 1266 1369 1331 persuasum
1393 1251 1452 1312 est.
1499 1266 1573 1311 nam
1596 1243 1749 1311 Sirenum

410 1356 523 1435 petrae
546 1350 688 1418 aPlinio
711 1351 956 1419 confunduntur
978 1372 1050 1419 cum
1073 1353 1297 1437 promunturio
1312 1351 1487 1421 Minervae.
1525 1357 1561 1418 at
1575 1352 1658 1417 sitae
1672 1359 1747 1417 sunt

410 1456 445 1523 in
474 1457 544 1523 sinu
566 1456 736 1537 Paestano,
769 1458 823 1525 ubi
850 1458 946 1524 bodie
980 1479 1111 1543 quoque
1137 1458 1296 1524 visuntur.
1341 1462 1429 1523 recte
1450 1478 1526 1523 vero
1548 1456 1637 1522 Mela
1659 1460 1689 1537 2,
1703 1459 1748 1526 69

411 1562 521 1627 Petrae
544 1585 618 1647 quoa
641 1560 759 1628 Sirenses
781 1563 965 1637 habitarunt,
995 1563 1150 1627 Mineruae
1168 1564 1424 1648 marcarium.
1461 1561 1543 1630 haec
1563 1563 1615 1630 vel
1630 1562 1750 1628 similia

412 1668 440 1735 si
462 1670 496 1735 in
518 1668 607 1735 Plini
629 1668 719 1736 fonte
741 1669 842 1737 luisse
864 1671 1048 1749 statuimus,
1074 1669 1169 1736 facile
1192 1689 1283 1735 error
1305 1669 1487 1753 explicatur
1495 1668 1533 1758 1).

522 1780 593 1843 tum
625 1777 665 1843 de
696 1782 727 1860 3,
741 1781 782 1847 81
808 1777 940 1863 suprai)
969 1778 1102 1863 egimus,
1133 1798 1216 1861 quae
1247 1776 1300 1843 hic
1329 1783 1476 1862 repetere
1507 1776 1591 1843 nolo.
1637 1779 1667 1852 3,
1682 1779 1748 1845 100

410 1888 679 1949 commemoratur
708 1883 783 1947 Urio
805 1886 854 1949 eui
880 1906 1042 1970 cognomen
1065 1885 1152 1964 <ad
1173 1882 1409 1965 damma>⁸)
1432 1884 1554 1969 Aprrloe
1575 1884 1746 1969 Messapia:

410 1988 444 2053 in
466 1988 574 2073 priore
596 1989 719 2055 nudum
742 2010 859 2056 nomen
873 2010 993 2074 ponere
1014 1989 1117 2070 licuit,
1141 1990 1175 2055 in
1197 1988 1302 2055 altero
1325 1990 1508 2056 accuratius
1531 1988 1746 2056 definiendum

410 2092 485 2160 fuit:
509 2100 545 2161 at
567 2098 599 2170 3,
613 2098 676 2164 103
706 2094 783 2159 Urio
806 2096 919 2181 Apula
941 2096 1026 2162 nude
1049 2096 1137 2163 dicta
1158 2094 1260 2182 est4).
1304 2098 1335 2177 3,
1350 2097 1413 2165 133
1447 2096 1561 2181 populi
1579 2097 1749 2164 contrario

411 2200 523 2267 ordine
551 2221 572 2267 a
598 2200 681 2268 Pola
715 2202 757 2268 ad
789 2202 955 2287 Tergestis
989 2204 1153 2285 regionem
1188 2207 1428 2268 enumerantur.
1476 2205 1584 2281 3145
1620 2208 1746 2269 montes

411 2304 597 2375 Candaviae
619 2329 641 2375 a
662 2309 847 2395 Dyrrachio
872 2312 1007 2379 metitur
1028 2309 1170 2376 Plinius:
1206 2316 1242 2376 at
1264 2308 1481 2394 Dyrrachium
1504 2310 1611 2395 ipsum
1633 2317 1747 2395 postea

411 2413 540 2481 demum
574 2423 855 2484 commemoratum
886 2422 945 2487 est.
992 2418 1189 2502 spissescunt
1218 2416 1334 2482 deinde
1367 2436 1491 2483 errores
1521 2418 1555 2482 in
1586 2414 1746 2484 Graeciae

413 2520 642 2607 descriptione:
671 2528 737 2605 l,4
761 2523 960 2590 Buthrotum
989 2524 1073 2589 falso
1102 2529 1177 2608 post
1198 2522 1318 2589 flumen
1345 2521 1507 2607 Thyamin
1529 2523 1747 2608 oppidumque

413 2626 573 2695 Oestriam
596 2634 703 2696 exstat
725 2651 785 2697 nec
816 2630 931 2698 fluuus
954 2630 1110 2697 Acheron
1137 2636 1225 2697 recte
1255 2630 1290 2696 in
1317 2628 1533 2695 Ambracium
1560 2630 1666 2695 sinum
1692 2631 1747 2694 de-

410 2732 488 2801 ferri
512 2735 641 2803 dicitur.
680 2757 764 2820 quae
786 2737 874 2803 baud
897 2738 963 2803 scio
985 2759 1028 2803 an
1050 2736 1200 2803 similiter
1222 2736 1383 2821 explicare
1399 2735 1505 2806 liceat.
1543 2736 1623 2801 item
1638 2736 1746 2801 Anac-

410 2840 531 2907 torium
552 2861 721 2926 perperam
744 2842 887 2911 aPlinio
911 2843 953 2911 ad
967 2844 1108 2929 Epirum
1130 2842 1286 2910 refertur:
1311 2843 1463 2908 nimirum
1477 2840 1519 2908 ab
1535 2842 1639 2908 altera
1652 2849 1746 2928 parte

410 2944 582 3011 adveniens
605 2948 710 3016 Varro
733 2949 944 3018 Anactorium
969 2951 1003 3016 in
1033 2951 1121 3016 sinus
1143 2948 1314 3016 Ambracii
1346 2948 1493 3016 faucibus
1522 2948 1746 3034 collocaverat,

414 3053 530 3120 deinde
553 3056 673 3139 oppida
694 3059 728 3122 in
751 3058 821 3124 eius
845 3079 903 3124 ora
924 3057 1052 3142 reliqua
1075 3062 1328 3124 enumeraverat

522 3159 598 3226 dein
620 3166 683 3243 4,5
707 3162 803 3229 velim
830 3162 1028 3229 consideres:
1059 3184 1189 3247 epresroa
1215 3164 1283 3225 nnn
1305 3161 1468 3225 Ambracio
1498 3164 1532 3225 in
1553 3163 1675 3226 Ionium
1696 3183 1745 3226 en·

409 3267 483 3351 cipit
504 3266 691 3332 &anodiam
716 3269 793 3343 litura,
812 3271 1065 3355 promunturium¹
1077 3269 1232 3342 Laeana,
1256 3271 1325 3333 dein
1347 3270 1429 3333 rinna
1450 3281 1478 3334 et
1498 3267 1654 3333 Leucadia
1675 3270 1745 3354 ipae

406 3373 588 3460 paeninsula
612 3377 765 3460 quondum
782 3375 899 3441 Nereae
922 3376 1087 3461 appellata.
1125 3375 1178 3442 hic
1200 3396 1376 3461 pronomen
1397 3377 1479 3462 ipsa
1500 3375 1589 3442 Plini
1604 3396 1744 3441 errorem

407 3478 527 3564 prodit.
573 3501 647 3544 nam
669 3480 835 3548 Leucadia
857 3482 1048 3566 paeninsula
1070 3483 1136 3548 iam
1158 3502 1323 3567 egressum
1346 3483 1420 3549 sinu
1443 3483 1579 3567 excepit.
1621 3482 1745 3547 inverte

409 3585 568 3652 ordinem:
592 3588 700 3654 omnia
722 3588 893 3655 manifesta
915 3594 1001 3656 sunt.

522 3714 581 3760 nec
611 3695 717 3760 minus
748 3716 900 3762 converso
932 3701 1040 3763 tractu
1072 3696 1254 3781 explicatur
1285 3695 1372 3780 quod
1400 3695 1610 3780 Aracynthus
1637 3693 1746 3760 Acar-

408 3801 525 3868 naniae
552 3801 748 3870 adscribitur
777 3809 810 3884 4,
823 3808 858 3874 6:
889 3805 924 3870 in
954 3804 1044 3871 fonte
1074 3810 1150 3871 anta
1180 3825 1307 3870 amnem
1330 3802 1511 3870 Acheloum
1534 3803 1602 3868 eius
1625 3801 1745 3868 mentio

408 3906 495 3974 facta
525 3913 605 3975 erat.
650 3909 855 3995 subsequitur
886 3914 951 3994 4,7
984 3909 1109 3976 turbati
1141 3909 1264 3975 ordinis
1297 3909 1484 3991 vestigium:
1514 3909 1594 3972 nara
1627 3905 1747 3972 Cinaei

407 4014 554 4080 Phocidos
575 4017 685 4102 canapi,
709 4017 853 4102 oppidano
876 4015 974 4091 Cinna,
995 4027 1102 4103 portus
1121 4016 1285 4084 Olroloeon:
1309 4015 1425 4101 quibus
1447 4016 1482 4082 in
1504 4013 1609 4081 verbis
1632 4020 1746 4099 portus

407 4120 463 4188 ille
485 4122 590 4189 Plinio
612 4127 688 4189 ante
711 4120 842 4188 Oiraeos
866 4143 995 4208 campos
1018 4122 1253 4189 enumerandus
1275 4121 1347 4191 tuit.

519 4230 553 4295 iu
569 4229 751 4296 universum
767 4234 876 4295 autem
888 4230 921 4295 in
933 4227 1093 4296 Graeciae
1105 4229 1231 4313 oppidis
1243 4229 1403 4294 maximae
1413 4227 1530 4295 turbae
1541 4233 1617 4294 sunt
1627 4226 1742 4294 iactae.

408 4338 519 4400 tamen
550 4357 622 4402 cum
650 4337 725 4402 sciri
748 4357 812 4404 non
835 4337 939 4421 possit
961 4342 1071 4404 utrum
1092 4336 1220 4403 inverso
1243 4336 1355 4402 ordine
1377 4356 1419 4401 an
1442 4335 1582 4401 duarum
1604 4333 1746 4417 descrip-

409 4479 622 4494 m

517 4563 540 4635 ¹)
558 4567 652 4619 tamen
670 4565 757 4620 nolim
776 4565 888 4621 silentio
899 4565 1123 4636 praetermittere
1134 4563 1210 4620 Plini
1228 4563 1340 4620 codioes
1357 4563 1474 4620 variare.
1511 4573 1576 4617 nam
1594 4563 1670 4619 sodes
1687 4579 1745 4618 non

406 4649 466 4708 seda
482 4649 523 4705 R¹
540 4650 577 4706 Β*
595 4651 727 4708 exhibent
744 4653 826 4726 (cedia
844 4653 903 4726 3¹).
939 4672 1010 4725 quae
1027 4656 1113 4711 lectio
1130 4655 1165 4711 cl
1183 4654 1253 4710 ent.
1271 4652 1339 4709 Silv.
1359 4654 1385 4722 2,
1397 4654 1452 4721 2,1
1472 4649 1585 4706 daendi
1603 4656 1704 4722 potest

518 4739 911 4898 :ibinildbbiipnmentum
927 4835 1003 4884 recte
1022 4829 1188 4900 comprobat
1206 4829 1347 4895 Nissenus,
1367 4827 1433 4885 ltu.
1452 4825 1650 4885 Londeakanda
1667 4825 1698 4884 ΙΙ
1717 4828 1743 4885 2.

406 4915 478 4972 1902
495 4915 633 5076 Ρὲ)8Ζί5..4,
643 5006 678 5062 14
694 5005 838 5076 caeam,
859 5009 884 5075 4,
895 5008 930 5064 20
943 5008 1065 5078 Lepreon
1078 5007 1224 5066 Arcadica.
1254 5006 1320 5063 Elin
1332 5006 1362 5064 in
1373 5005 1451 5063 tonte
1465 5009 1530 5062 ante
1541 5007 1744 5062 mediterranea

406 5095 556 5150 tractatam
574 5093 659 5149 tuisse
677 5093 706 5150 in
723 5094 873 5165 propatulo
890 5099 947 5150 est,
