4275 6025
1057 682 1121 749 118

421 894 483 958 bitu
510 890 657 980 Gargani.
695 895 778 961 mira
801 893 854 961 hic
877 894 981 960 utitur
1003 894 1202 979 loquacitate
1215 893 1343 961 Plinius
1366 895 1424 978 qui
1446 894 1529 961 alias
1549 895 1757 980 parcissimus

420 1007 471 1068 est
486 1001 666 1071 verborum.
698 1000 820 1087 duplici
835 1001 920 1067 enim
935 1002 1063 1068 nomine
1077 1002 1339 1086 promunturium
1354 1002 1527 1087 Iapygiam
1541 1002 1754 1088 significatur.

420 1108 499 1193 quid
526 1114 576 1175 est
605 1128 663 1175 our
692 1128 758 1175 non
788 1108 823 1173 in
853 1130 918 1175 uno
949 1108 1009 1174 hoc
1039 1108 1169 1175 nominc
1191 1109 1279 1193 quod
1302 1108 1598 1192 amandavit,
1630 1108 1757 1175 Plinius

420 1213 637 1300 acquieverit?
672 1214 797 1281 accedit
819 1214 969 1281 alterum.
992 1214 1254 1298 promunturium
1276 1216 1395 1281 montis
1415 1213 1563 1299 Gargani
1585 1236 1627 1281 ns
1648 1216 1756 1300 ipsum

420 1323 551 1406 quidem
574 1322 643 1389 sine
665 1321 866 1389 abundantia
889 1321 1012 1387 dictum
1036 1327 1095 1390 est.
1138 1342 1179 1387 ne
1202 1322 1264 1386 sim
1279 1321 1409 1405 longus:
1434 1322 1572 1388 duorum
1586 1328 1755 1388 auctorum

418 1429 555 1513 vestigia
577 1450 729 1514 agnosco3
760 1428 844 1495 alter
874 1428 960 1494 enim
981 1427 1246 1513 promunturium
1267 1426 1352 1493 illud
1374 1449 1395 1493 a
1417 1427 1605 1513 Iapygibus,
1630 1428 1756 1494 altera

419 1532 608 1601 Sallentinis
631 1534 837 1618 nuncupavit,
860 1533 945 1600 alter
968 1531 1159 1618 Garganum
1182 1538 1323 1599 montem
1345 1533 1429 1600 dixit
1451 1533 1507 1617 (cf.
1530 1534 1618 1600 Mola
1640 1538 1672 1617 2,
1689 1538 1754 1616 65),

420 1642 504 1707 alter
526 1642 797 1726 promunturium.
843 1639 919 1705 hinc
941 1640 999 1705 illa
1021 1640 1199 1725 duplicatio
1231 1640 1351 1724 optime
1374 1641 1564 1725 explicatur.
1599 1662 1657 1707 cur
1679 1662 1755 1707 vero

418 1752 584 1812 auctorem
605 1748 766 1813 hominem
789 1746 1005 1812 nominaverit
1021 1746 1156 1830 Plinius,
1179 1745 1214 1812 id
1237 1747 1326 1829 quod
1349 1745 1406 1812 ubi
1428 1747 1552 1813 distant
1566 1748 1753 1826 sententiae,

418 1853 535 1919 saltem
558 1854 701 1920 indicare
723 1854 816 1937 solet,
845 1854 982 1920 fortasse
1005 1854 1212 1936 quaesiveris.
1258 1853 1313 1919 hic
1336 1860 1445 1920 autem
1477 1853 1655 1920 sententiae
1678 1873 1754 1920 con-

418 1980 535 2043 gruere
565 1960 726 2026 sidentur.
772 1961 976 2026 consentiunt
1006 1961 1090 2026 enim
1121 1960 1248 2045 egregie
1279 1960 1406 2026 numeri
1435 1959 1579 2026 Pliniani
1611 1980 1684 2025 cum
1700 1977 1702 1981 ’
1716 1979 1753 2026 eo

418 2086 516 2149 quem
538 2063 658 2132 Strabo
682 2067 746 2135 285
771 2064 993 2150 chorographo
1016 2064 1143 2146 tribuit,
1177 2065 1265 2149 quod
1292 2085 1366 2131 cum
1389 2064 1534 2131 Riesium
1543 2065 1570 2152 ¹)
1603 2064 1753 2150 fugisset,

416 2177 507 2238 recte
535 2171 748 2238 aPartschio
777 2171 914 2242 1144
945 2173 1085 2237 monitus
1113 2170 1286 2238 Schweder
1316 2170 1485 2238 adnotavit
1494 2172 1530 2259 ⁹).
1577 2193 1652 2238 nam
1683 2172 1755 2237 sia

417 2289 569 2344 mensura
583 2300 667 2363 quae
682 2300 704 2345 a
717 2279 941 2364 promunturio
957 2278 1138 2347 Sallentino
1154 2279 1258 2344 currit
1273 2278 1317 2344 ad
1331 2276 1518 2362 Garganum
1533 2279 1753 2345 subtrahimus

417 2386 558 2469 spatium
582 2386 669 2470 quod
692 2386 869 2452 secundum
892 2385 1034 2452 Plinium
1056 2386 1230 2452 intercedit
1253 2386 1339 2451 inter
1355 2384 1571 2452 Sallentinum
1593 2390 1626 2452 et
1649 2384 1754 2451 Brun·

416 2492 544 2575 disium,
574 2500 700 2560 restant
731 2497 793 2564 165
819 2516 860 2560 m.
884 2516 917 2579 p.
942 2514 1026 2577 quae
1055 2514 1207 2558 mensura
1229 2513 1302 2558 cum
1325 2490 1488 2559 Strabone
1520 2492 1682 2558 convenit:
1713 2492 1753 2559 cf.

416 2602 482 2669 ‘285
505 2599 583 2685 φησί
606 2594 653 2666 δ’ὁ
677 2597 887 2687 χωρογράφος
909 2598 950 2663 τὰ
975 2595 1120 2664 ἀπὸτοῦ
1134 2602 1321 2686 Βρεντεσίου
1336 2604 1431 2684 μέχρι
1455 2605 1482 2661 Γ
1478 2596 1619 2684 αργιίνου
1638 2598 1753 2680 μιλίων

415 2704 529 2771 ἑκατὸν
544 2704 697 2793 ἑξήκοντα
712 2712 817 2773 πέντε.
840 2707 952 2772 eadem
963 2707 1064 2791 igitur
1076 2706 1349 2771 dimensuratione
1362 2705 1544 2789 Agrippam
1556 2705 1752 2774 Varronem·

416 2833 479 2895 que
502 2832 596 2879 usum
611 2834 681 2879 esse
696 2813 928 2897 cognoscimus.
967 2812 1052 2878 unde
1072 2833 1148 2878 vero
1163 2818 1300 2896 uterque
1314 2811 1471 2893 hauserit,
1495 2812 1619 2878 indicat
1634 2812 1751 2879 Strabo

416 2922 480 2990 285
497 2918 657 3003 Πολύβιος
679 2916 707 2985 d⁹
709 2916 778 2985 ἀπὸ
798 2915 964 3003 Ἰαπυγίας
978 2915 1197 3001 μεμιλιάοθαι
1211 2921 1301 3005 φησί.
1325 2918 1497 2984 exstabant
1512 2919 1611 3001 igitur
1628 2918 1753 2985 Romae

415 3033 502 3094 certo
525 3048 635 3094 earum
658 3029 781 3094 viarum
804 3028 981 3094 itineraria.
1028 3025 1128 3112 quid?
1174 3027 1323 3091 universe
1351 3027 1489 3092 eundem
1516 3025 1638 3092 fontem
1661 3047 1752 3093 men-

414 3154 563 3199 surarum
578 3155 684 3200 nonne
701 3133 863 3218 significat
878 3135 947 3219 ipse
962 3132 1091 3200 Plinius
1107 3137 1138 3214 3,
1153 3137 1195 3203 16
1211 3155 1287 3219 quae
1301 3156 1392 3197 αααιο
1407 3155 1530 3218 οιαροοι
1544 3155 1659 3197 errores
1674 3157 1750 3199 com·

409 3241 566 3326 putatione
576 3261 729 3305 οιιοιαναι
740 3242 857 3327 saepius
866 3243 966 3327 parit,
980 3241 1052 3303 olibi
1062 3251 1177 3304 mutato
1184 3241 1412 3325 provinciarum
1420 3241 1518 3311 modo,
1529 3239 1603 3302 alibi
1610 3241 1751 3304 itiasmm

415 3346 508 3408 ααιιίι
531 3356 584 3408 cut
605 3347 758 3409 diminutis
775 3343 936 3432 passibus?
973 3366 1033 3411 nec
1054 3346 1173 3412 mirum
1196 3349 1245 3411 est
1268 3365 1309 3409 ox
1330 3345 1443 3410 eodem
1462 3343 1552 3410 fonte
1568 3343 1751 3412 Varronem

414 3449 661 3537 Agrippamque
684 3451 837 3531 hausisse,
869 3473 943 3519 cum
965 3452 1092 3537 imperii
1116 3451 1423 3517 dimensurationem
1446 3450 1488 3517 ab
1510 3449 1664 3535 Augusto
1687 3473 1751 3517 non

414 3578 484 3624 esse
506 3557 627 3624 factam
650 3559 715 3624 iam
738 3565 873 3626 constet.
912 3564 1026 3626 contra
1046 3580 1130 3644 quae
1145 3559 1292 3644 sequitur
1306 3579 1458 3624 mensura
1472 3579 1606 3643 prorsus
1622 3559 1751 3626 diversa

413 3669 462 3731 est
499 3664 588 3750 apud
620 3663 814 3733 Strabonem
852 3672 885 3734 et
918 3667 1072 3736 Plinium.
1122 3666 1177 3731 hio
1217 3665 1303 3731 enim
1335 3666 1506 3732 Anconam
1540 3687 1562 3732 a
1595 3664 1750 3752 Gargano

409 3761 646 3839 ὒΈῖΧ-ΧΓΠ
669 3773 780 3840 abesse
796 3773 885 3856 dicit,
910 3776 1035 3856 3,111;
1058 3769 1076 3838 ὁ
1099 3770 1309 3859 χωρογράφος
1324 3825 1333 3843 .
1351 3821 1358 3838 .
1376 3768 1523 3837 ἐντεῦθεν
1545 3770 1591 3851 εἰς
1606 3769 1749 3857 Ἀγκῶνα

413 3875 562 3944 διακόσια
583 3876 781 3967 πεντήκοντα
810 3884 949 3966 τέτταρα
970 3877 1064 3962 μίλιά
1091 3901 1198 3967 φησιν.
1245 3880 1302 3964 qui
1332 3879 1457 3945 numeri
1488 3879 1578 3946 nullo
1613 3879 1748 3947 artificio

412 3986 563 4070 coniungi
593 3993 738 4070 possunt.
792 3987 903 4072 itaque
936 4008 1104 4052 mensuras
1133 4008 1198 4053 non
1230 3985 1360 4053 easdem
1389 3986 1519 4052 subesse
1556 3987 1748 4054 censuerim.

413 4111 495 4176 quae
518 4092 688 4158 diversitas
710 4094 797 4159 unde
815 4100 896 4160 nata
911 4094 964 4178 sit,
984 4099 1022 4159 ut
1036 4093 1176 4178 perspici
1191 4093 1303 4178 possit,
1327 4093 1495 4159 itineraria
1513 4113 1747 4178 comparemus.

411 4218 561 4265 numeros
581 4220 656 4265 vero
682 4198 799 4285 Polybi
807 4199 832 4285 ὅ)
860 4221 933 4267 cum
959 4201 1091 4266 minime
1113 4220 1185 4266 cum
1208 4197 1369 4267 Plinianis
1392 4205 1451 4266 aut
1472 4199 1650 4284 Agrippeia
1674 4219 1747 4266 con·

521 4376 541 4443 ¹)
561 4375 661 4446 Geogr.
680 4377 728 4430 lat.
747 4375 813 4430 min.
834 4377 903 4432 1879
922 4393 948 4446 p.
967 4378 985 4434 8
1003 4376 1051 4434 fin.

521 4463 754 4535 ²)Bettro90111
774 4465 843 4522 1883
863 4483 889 4535 p.
910 4466 952 4522 18.
990 4465 1025 4520 cf.
1045 4465 1129 4519 etiam
1148 4463 1322 4520 Detleisenus
1342 4465 1410 4520 1901
1431 4482 1457 4535 p.
1477 4466 1521 4521 23.

519 4550 540 4621 ⁸)
560 4551 709 4608 secundum
727 4551 875 4621 Polybium
893 4570 910 4607 a
929 4553 1122 4622 promunturio
1141 4552 1258 4622 Iapygio
1276 4570 1363 4621 usque
1389 4552 1424 4606 ad
1443 4553 1601 4622 Aquileiam
1619 4544 1746 4608 150*OE

410 4657 437 4710 p.
457 4645 528 4696 sunt.
566 4642 589 4696 si
606 4658 672 4695 vero
690 4640 766 4695 Plini
783 4657 926 4696 mensures
945 4657 978 4697 so
996 4659 1084 4710 usquc
1102 4646 1292 4712 computamus
1311 4632 1506 4696 150me
1521 4640 1692 4698 efficiuntur:

660 4730 747 4798 3,103
766 4746 783 4783 o
801 4729 952 4784 Sallentino
971 4729 1007 4784 ad
1025 4729 1215 4800 Garganum.
1253 4769 1261 4782 .
1297 4770 1305 4784 .
1341 4730 1395 4786 234
1413 4747 1450 4786 m.
1469 4746 1496 4799 p.

658 4820 744 4889 3,111
764 4835 781 4872 a
800 4820 931 4888 Gargano
948 4820 1096 4874 Anconam
1116 4859 1302 4876 .....
1340 4819 1391 4875 183
1425 4861 1437 4889 ,,
1472 4861 1485 4890 „

659 4910 747 4976 3,115
766 4908 801 4962 nb
821 4909 937 4963 Ancona
955 4907 1118 4962 &vennam
1162 4950 1168 4963 .
1206 4949 1213 4966 .
1250 4948 1258 4964 .
1294 4947 1302 4963 .
1339 4909 1391 4963 105
1424 4949 1437 4976 „
1472 4948 1485 4976 „

659 4998 746 5065 3,127
766 5012 783 5049 a
802 4995 936 5050 Ravenna
954 4994 989 5050 ad
1009 4994 1211 5050 Formionem.
1249 5035 1256 5049 .
1293 5035 1301 5052 .
1339 4997 1390 5052 189
1424 5036 1437 5063 ,,
1472 5038 1485 5062 „

658 5102 729 5155 quae
748 5101 854 5139 summa
872 5087 940 5139 iacit
980 5124 1299 5142 ........
1335 5088 1386 5142 711
1412 5102 1448 5140 m.
1467 5101 1494 5154 p.
