4275 6025
1036 704 1078 768 21

390 913 497 998 operis
519 911 627 979 indole
657 917 746 978 recte
772 909 902 976 videtur
924 910 1092 979 iudicasse.
1136 912 1322 980 Mucianum
1350 917 1435 982 enim
1458 939 1540 1002 opus
1568 918 1726 986 eiusmodi

391 1020 608 1103 composuisse
631 1017 768 1090 coniecit
776 1015 812 1103 1),
838 1037 903 1100 quo
926 1017 1074 1100 regiones
1096 1018 1168 1085 loce
1191 1041 1243 1085 res
1267 1042 1351 1105 qnae
1373 1024 1442 1108 ipse
1464 1025 1636 1092 itineribus
1658 1027 1726 1094 suis

391 1126 519 1191 viderat
542 1124 772 1208 descripsisset.
818 1128 965 1188 attamen
988 1123 1065 1190 licet
1087 1124 1182 1190 multi
1205 1133 1333 1194 exstent
1347 1129 1409 1196 loci
1426 1131 1543 1215 quibus
1558 1133 1726 1200 oculorum

392 1231 613 1298 testimonium
628 1228 797 1296 Mucianus
820 1230 966 1311 arcessit,
990 1237 1117 1296 restant
1139 1252 1223 1315 quae
1244 1233 1287 1299 ad
1309 1235 1376 1300 tale
1398 1258 1478 1322 opus
1501 1240 1632 1305 minime
1647 1246 1727 1324 apta

393 1342 478 1404 sunt.
524 1336 613 1403 velut
635 1339 667 1419 3,
680 1339 722 1406 59
744 1335 891 1422 paludem
906 1325 1104 1420 Pomptiocm
1125 1337 1224 1402 locum
1240 1337 1397 1404 XXIIII
1413 1343 1533 1407 urbium
1547 1343 1646 1430 sitisse
1654 1367 1727 1431 pre

393 1443 514 1528 omiss.
560 1464 657 1528 quem
687 1443 835 1508 notitiem
859 1440 901 1507 ab
923 1440 1037 1508 incolis
1061 1443 1131 1508 eius
1153 1444 1305 1528 regionis,
1328 1466 1401 1512 enm
1423 1469 1464 1513 ex
1487 1449 1569 1518 Asia
1588 1451 1727 1519 Romam

393 1549 523 1631 rediret,
549 1570 622 1615 eum
644 1549 804 1633 accepisse
827 1547 992 1613 Brunnius
1016 1548 1199 1631 suspicatus
1223 1555 1281 1614 est.
1322 1571 1404 1634 quae
1427 1552 1538 1622 inbula
1559 1557 1657 1641 plane
1679 1559 1727 1624 in-

393 1655 556 1724 credibilis
580 1662 627 1722 est
655 1677 761 1742 neque
789 1676 944 1739 umquam
970 1654 1168 1742 probabitur
1190 1655 1237 1720 eis
1267 1657 1324 1739 qui
1352 1657 1513 1726 Italorum
1542 1683 1647 1729 mores
1676 1665 1728 1730 vel

392 1762 497 1830 obiter
519 1769 746 1846 cognoverunt.
785 1761 866 1828 telia
885 1763 998 1845 utique
1014 1781 1054 1826 cx
1069 1760 1163 1827 libris
1178 1761 1282 1826 doctis
1296 1763 1414 1830 hausta
1435 1773 1520 1832 sunt.
1559 1768 1728 1836 historiam

392 1876 503 1938 autem
535 1869 621 1954 quod
645 1869 783 1938 Vossius
814 1869 870 1956 (de
895 1868 972 1936 bist.
996 1869 1054 1936 lat.
1084 1868 1140 1935 lib.
1167 1870 1187 1938 I
1210 1891 1280 1954 cap.
1302 1872 1362 1958 27)
1384 1893 1406 1938 a
1427 1873 1577 1941 Muciano
1607 1875 1728 1943 editam

393 1998 462 2044 esse
486 1977 548 2044 sibi
575 1977 746 2062 persuasit,
770 1975 937 2041 Brunnius
967 1977 1089 2060 optimo
1119 1976 1190 2042 inre
1219 1978 1341 2045 reiecit
1389 2000 1516 2046 necesse
1547 1988 1598 2048 est
1626 1984 1729 2068 igitur

392 2084 465 2168 ipsa
500 2082 681 2167 fragments
711 2080 855 2145 Muciani
889 2081 1117 2162 examinemus,
1157 2081 1252 2148 simul
1283 2088 1322 2148 ut
1359 2083 1394 2148 id
1425 2106 1555 2169 qnoque
1592 2088 1726 2174 liqueat,

364 2216 365 2219 ¹
394 2189 525 2276 quando
548 2190 604 2255 ille
626 2210 646 2254 a
670 2188 778 2253 Plinio
801 2187 964 2252 consultus
986 2187 1038 2253 sit.

503 2317 542 2363 ac
556 2294 598 2360 de
613 2299 646 2377 3,
655 2297 698 2364 59
714 2295 779 2360 iam
796 2295 931 2378 egimus:
957 2295 1079 2359 inserta
1094 2315 1163 2359 esse
1177 2295 1348 2363 Mucisnea
1369 2297 1455 2363 inter
1469 2301 1659 2384 periegesim
1674 2323 1731 2387 ap·

395 2408 499 2490 paret.
532 2401 648 2468 deinde
662 2405 693 2478 4,
708 2403 750 2471 66
765 2398 862 2464 Delos
879 2401 1023 2486 precedite
1033 2399 1192 2486 fluctuata,
1217 2412 1251 2464 ut
1264 2404 1413 2487 proditur,
1429 2405 1493 2468 solo
1509 2416 1621 2468 cwbsm
1636 2416 1731 2472 terrae

396 2534 455 2575 cors
473 2511 563 2574 sensit
583 2511 625 2572 od
639 2509 685 2578 M.
711 2507 853 2571 Varronis
877 2517 1011 2572 astamus.
1046 2508 1208 2571 Mucianus
1226 2511 1368 2594 prodidit
1386 2511 1431 2573 bis
1453 2532 1630 2578 maresiam
1666 2533 1730 2596 quo

397 2617 438 2682 de
469 2616 540 2681 loeo
570 2615 689 2680 rectius
720 2635 819 2699 quam
846 2613 885 2680 1..
907 2613 1024 2679 Brnnn
1047 2613 1069 2680 l.
1093 2612 1114 2678 l.
1143 2634 1173 2699 p.
1190 2617 1233 2684 33
1256 2612 1494 2683 Oehmichenns
1525 2617 1729 2703 iudicavit⁸):

396 2743 437 2788 ex
459 2721 610 2786 Muciano
632 2718 775 2786 Plinium
796 2718 1001 2785 Varroniane
1023 2719 1199 2804 supplesse.
1244 2719 1463 2805 fragmentum
1486 2729 1595 2790 sutem
1617 2732 1732 2808 postea

394 2828 543 2895 additum
566 2847 637 2893 esse
660 2847 700 2890 ex
722 2824 861 2909 abrupto
884 2844 1030 2890 sermone
1053 2824 1310 2891 concludendum
1333 2832 1392 2893 est.
1429 2828 1526 2912 paulo
1549 2836 1624 2915 post
1641 2836 1672 2909 4,
1686 2833 1731 2902 67

395 2935 506 3022 Scyros
535 2956 627 3021 quom
663 2934 786 2996 circuilu
815 2943 919 3019 patere
946 2921 1028 2994 XX*
1046 2933 1247 3019 prodiderunt
1278 2944 1394 3006 osterse
1432 2933 1597 3000 Mucianus
1624 2928 1732 3003 CIX

396 3042 567 3109 manifesto
587 3041 640 3107 hic
654 3039 800 3105 Muciani
820 3039 1041 3104 testimonium
1057 3044 1201 3105 veterum
1216 3040 1395 3105 sententiae
1409 3040 1559 3109 additum
1574 3050 1730 3115 tenemus.

396 3172 456 3217 nee
478 3151 584 3216 minus
607 3154 714 3215 temen
738 3147 928 3213 manifestus
956 3153 1005 3213 est
1028 3169 1121 3214 error
1142 3147 1285 3215 Muciani
1317 3151 1374 3234 qui
1404 3151 1512 3216 studio
1542 3172 1625 3217 nova
1654 3172 1732 3235 prc-

396 3254 521 3323 ferendi
551 3276 586 3321 se
614 3255 722 3339 ipsum
753 3274 878 3319 errasse
908 3273 972 3319 non
1006 3254 1117 3321 sensit.
1163 3276 1240 3319 nam
1269 3275 1422 3321 numerus
1453 3254 1551 3323 CLX
1581 3258 1659 3342 quin
1688 3257 1732 3324 ab

396 3363 489 3428 initio
520 3362 562 3427 ad
593 3360 700 3427 stadia
729 3361 933 3444 pertinuerit,
965 3381 1030 3425 non
1061 3366 1169 3445 potest
1199 3381 1269 3426 esse
1300 3360 1433 3428 dubium
1441 3362 1479 3449 4).
1526 3364 1621 3429 aliter
1648 3365 1733 3431 enim

397 3468 566 3537 diversitas
590 3468 744 3552 explicari
765 3468 887 3552 nequit.
934 3467 1080 3550 reliques
1096 3473 1205 3533 antem
1220 3467 1364 3535 Muciani
1387 3491 1555 3536 mensurae
1577 3471 1620 3536 ad
1643 3470 1733 3537 milia

397 3582 601 3661 computatae
624 3580 710 3640 sunt.

504 3689 574 3748 tum
596 3686 630 3759 4.
642 3683 685 3750 77
708 3679 749 3745 de
771 3679 869 3745 Ponti
892 3679 1018 3745 ambitu
1040 3679 1185 3746 Muciani
1213 3700 1340 3765 quoqne
1363 3681 1471 3764 opinio
1494 3680 1638 3765 affertur,
1669 3704 1734 3749 non

399 3790 486 3875 quod
513 3790 653 3855 certiore
675 3789 790 3853 ceteris
812 3786 996 3871 protulerit,
1026 3788 1081 3853 sed
1105 3788 1183 3872 qnia
1205 3788 1445 3853 recentissimus
1468 3807 1508 3852 ea
1531 3787 1571 3852 de
1594 3808 1629 3852 re
1655 3789 1732 3871 egit.

397 3897 522 3966 inserta
545 3902 594 3962 est
616 3900 726 3961 autem
748 3894 817 3959 eius
839 3914 991 3960 mensura
1013 3899 1088 3979 post
1109 3894 1290 3978 Agrippae.

507 4003 619 4070 eadem
634 4022 732 4068 eausa
746 4000 873 4066 Plinius
888 4000 1018 4066 ridetur
1032 4022 1103 4066 esse
1117 4007 1305 4081 commotus,
1329 4006 1367 4065 ut
1381 3998 1524 4065 Muciani
1539 4001 1735 4067 sententiam

508 4194 605 4265 1)1.1.
624 4210 652 4262 p.
671 4192 714 4249 24.

507 4286 531 4353 ²)
549 4282 695 4338 llusianea
722 4280 768 4335 bie
794 4284 893 4350 postea
923 4281 1020 4335 addita
1049 4285 1121 4337 sunt.
1162 4297 1227 4334 nem
1259 4295 1330 4348 qnae
1360 4284 1514 4350 sequuntur
1543 4280 1607 4337 dein
1628 4281 1735 4351 flumen

399 4373 555 4444 Aufentum
573 4372 737 4427 continuant
759 4387 825 4425 orso
848 4370 1063 4440 descriptionem
1083 4372 1108 4439 3,
1118 4370 1154 4425 57
1172 4372 1238 4423 ante
1256 4367 1443 4438 Theophrasti
1471 4368 1659 4439 fragmentum
1686 4370 1734 4424 eb·

399 4466 519 4530 ruptam.
556 4458 717 4529 appendicis
735 4458 796 4515 viee
809 4458 952 4513 Mucianea
969 4474 1029 4512 esse
1047 4458 1116 4527 ipsis
1135 4457 1227 4513 verbis
1246 4456 1325 4512 uliud
1342 4456 1508 4513 miraculum
1526 4475 1545 4513 a
1563 4458 1666 4514 Cerceis
1677 4476 1734 4528 eqs.

399 4549 545 4604 indicatur.
582 4549 676 4619 itaque
694 4564 748 4618 quc
766 4549 826 4602 iure
845 4546 1048 4602 Oehmichenus
1067 4547 1155 4616 (Acte
1173 4563 1228 4600 soc.
1248 4546 1323 4615 Lips.
1342 4545 1390 4600 111
1410 4547 1480 4604 1873
1498 4565 1526 4617 p.
1545 4550 1613 4617 437)
1630 4564 1694 4601 eum
1706 4548 1737 4603 in

399 4640 490 4710 prima
508 4639 600 4709 operis
619 4639 779 4694 recensione
798 4636 954 4691 sdhibitum
972 4654 1031 4691 esse
1050 4636 1187 4701 statuerit,
1209 4653 1266 4691 non
1287 4636 1377 4691 rideo.
1413 4638 1444 4691 in
1464 4636 1624 4691 universum
1642 4641 1737 4692 autem

400 4725 480 4779 illam
498 4726 533 4780 de
551 4725 658 4781 duabus
675 4726 884 4782 recensionibus
902 4725 1059 4795 opinionem
1078 4724 1148 4778 mihi
1165 4740 1220 4778 non
1239 4724 1438 4795 comprobavit.

511 4814 535 4885 ⁸)
553 4815 628 4869 Aeta
645 4832 700 4869 soc.
719 4814 794 4884 Lips.
813 4813 862 4869 Ill
882 4814 951 4870 1873
970 4831 989 4883 p
1016 4814 1069 4868 434
1087 4812 1164 4869 Plio.
1183 4812 1263 4869 sau
1283 4813 1398 4882 188012.
1417 4814 1460 4870 25.
1497 4813 1532 4871 ci.
1550 4813 1634 4868 etiam
1652 4830 1739 4882 snpra

398 4920 428 4975 p·
448 4908 490 4961 11.
509 4995 534 5065 ⁴)
551 4993 605 5048 hoe
626 4998 702 5050 recte
719 4994 751 5049 Is.
769 4994 865 5049 Brunn
884 4992 904 5049 l.
922 4990 940 5047 l.
959 5008 987 5061 p.
1007 4992 1050 5061 32,
1069 5006 1236 5059 quamquem
1254 4989 1325 5046 ielso
1344 4988 1437 5045 Plinio
1463 5004 1587 5045 emerem
1613 4986 1741 5046 tribuere

400 5080 518 5138 videtur.
