4275 6025
1012 708 1053 772 41

474 921 539 989 iam
576 927 615 986 ut
652 918 974 1004 comprehendamus,
1013 917 1102 984 nullo
1138 918 1211 984 loco
1248 917 1421 1004 Polybium
1457 917 1565 1001 ipsum
1597 915 1705 982 Plinio

367 1035 498 1114 praesto
520 1027 621 1094 fuisse
644 1025 894 1106 demonstratur,
919 1024 1134 1109 geographica
1156 1031 1267 1091 autem
1291 1026 1411 1110 partim
1433 1045 1493 1110 per
1513 1023 1705 1103 Varronem,

366 1136 488 1220 partim
509 1153 568 1219 per
590 1132 690 1198 alium
713 1131 876 1217 quendam
899 1132 1089 1216 scriptorem
1110 1130 1295 1198 Romanum
1319 1132 1361 1197 ad
1384 1153 1458 1199 eum
1480 1134 1704 1217 pervenerunt.

367 1242 495 1310 Isidoro
519 1261 594 1306 vero
618 1260 636 1305 e
658 1238 847 1324 Polybianis
877 1238 959 1305 nihil
990 1245 1079 1305 certa
1109 1239 1236 1306 ratione
1263 1238 1343 1306 licet
1373 1238 1568 1306 adscribere.
1620 1256 1706 1321 quae

367 1369 421 1414 res
443 1346 596 1413 facillime
626 1367 663 1412 eo
694 1346 875 1431 explicatur
905 1344 993 1431 quod
1015 1344 1173 1431 Polybius
1204 1345 1247 1411 de
1279 1346 1479 1430 geographia
1508 1344 1706 1431 peculiarem

368 1452 515 1520 libellum
538 1473 602 1518 non
628 1453 808 1537 composuit
818 1453 853 1537 ¹),
886 1453 942 1519 sed
973 1451 1129 1518 historico
1159 1473 1257 1537 opere
1287 1452 1340 1518 hic
1369 1452 1437 1518 illic
1468 1452 1552 1518 sicut
1580 1451 1707 1518 occasio

369 1558 505 1638 ferebat,
534 1559 574 1624 de
608 1580 646 1626 ea
679 1558 868 1642 disputavit
925 1557 1006 1624 baec
1040 1580 1117 1625 vero
1150 1558 1270 1643 eligere
1302 1557 1566 1644 compilatoribus
1600 1557 1707 1642 qualis

368 1665 516 1734 Isidorus
539 1665 611 1747 suit,
635 1685 754 1749 operae
776 1687 840 1732 non
864 1671 935 1732 erat
958 1667 1109 1751 pretium.

476 1771 593 1840 deinde
624 1771 666 1838 dc
691 1771 790 1838 Iuba
821 1795 896 1858 rege
925 1772 1102 1839 videamus.
1157 1772 1248 1838 cuius
1278 1771 1342 1837 duo
1373 1770 1578 1856 potissimum
1607 1787 1708 1852 opera

367 1880 571 1966 respicienda
592 1887 682 1949 suut:
706 1878 834 1964 Λιβυκά
857 1886 890 1947 81
912 1880 994 1947 illud
1016 1879 1105 1964 quod
1119 1879 1246 1946 Plinius
1270 1881 1378 1960 6141
1401 1875 1574 1960 significat:
1597 1876 1631 1938 ia
1653 1875 1709 1938 tae

370 1997 468 2054 mareu
489 1999 577 2072 parte
599 2009 688 2050 arma
711 1986 854 2050 Romana
875 1989 957 2072 sequi
977 1985 1078 2071 placet
1098 1986 1182 2050 uobis
1205 1985 1371 2070 Iubamque
1397 2004 1496 2068 repam
1518 1983 1562 2045 cd
1582 1983 1708 2047 eundem

374 2090 489 2158 Gaium
513 2091 669 2157 Gaesarem
691 2093 806 2176 scriptis
829 2091 1025 2157 volremiuibus
1048 2094 1085 2155 de
1107 2093 1210 2156 eadem
1231 2091 1415 2177 tapediticue
1429 2086 1609 2174 Arabica').
1655 2089 1708 2154 cui

372 2199 452 2283 quid
483 2199 675 2282 inscriptum
698 2196 796 2263 fuerit
819 2197 986 2267 nescimus.
1033 2219 1110 2264 nam
1131 2197 1214 2263 illud
1243 2198 1279 2261 de
1294 2247 1301 2261 .
1318 2245 1349 2261 ..
1369 2195 1549 2280 eepmr'tim
1573 2194 1708 2258 Arabica

372 2325 437 2371 non
462 2305 541 2388 quid
562 2305 780 2370 continuerint
803 2303 966 2371 volumina
988 2305 1120 2373 indicat
1165 2305 1263 2370 immo
1284 2302 1485 2388 praepositio
1508 2303 1546 2365 de
1576 2320 1708 2367 causam

374 2410 518 2479 ostendit
540 2411 812 2494 occasionemque,
836 2431 903 2496 qua
928 2411 1050 2496 scripta
1080 2415 1157 2476 sunt
1182 2409 1241 2476 illa
1270 2408 1442 2478 volumina.
1487 2427 1593 2492 neque
1623 2405 1709 2472 euim

374 2519 409 2586 in
425 2517 554 2585 Arabia
577 2516 646 2582 sola
668 2518 890 2584 versabantur.
936 2519 1047 2601 itaque
1071 2518 1113 2580 cd
1136 2515 1169 2583 0.
1187 2515 1345 2582 Caesarem
1361 2515 1494 2600 Aepusti
1509 2513 1608 2595 filium
1623 2518 1710 2578 certe

372 2625 406 2690 in
430 2625 526 2692 titulo
550 2624 711 2693 exstabat.

481 2730 584 2797 Iubae
613 2735 722 2796 autem
746 2752 827 2815 opus
850 2730 992 2798 Plinium
1024 2731 1129 2815 ipsum
1157 2729 1312 2796 evolvisse
1340 2728 1393 2795 vel
1424 2728 1481 2795 illo
1513 2749 1608 2813 quem
1639 2728 1710 2793 lau·

372 2837 520 2904 davirnus
542 2836 613 2903 loco
636 2839 743 2916 6,141
769 2838 1021 2904 demonstratur.
1060 2858 1144 2924 quae
1160 2838 1321 2904 sententia
1340 2835 1549 2902 confirmatur
1564 2836 1610 2900 eis
1626 2855 1710 2919 quae

373 2949 404 3029 6,
418 2947 461 3017 96
484 2944 650 3030 leguntur:
683 2946 735 3009 sed
751 2947 935 3032 priusquam
955 2947 1119 3032 generatim
1147 2946 1217 3009 lmee
1235 2965 1459 3032 persequamur,
1483 2943 1616 3006 iudicari
1647 2963 1711 3005 coa·

373 3054 450 3119 veuit
465 3075 542 3140 quae
551 3055 692 3139 prodidit
705 3052 884 3119 Onesicritus
896 3100 904 3118 .
918 3102 926 3121 .
943 3066 1120 3119 enarrata
1130 3054 1298 3140 proxime
1313 3076 1332 3117 a
1346 3052 1367 3116 1
1370 3053 1453 3127 uba,
1477 3049 1593 3137 quibus
1606 3050 1712 3115 verbis

373 3159 461 3225 clare
476 3165 620 3227 testatur
633 3159 763 3226 Plinius
778 3160 936 3225 neminem
952 3160 1145 3244 scriptorem
1160 3159 1362 3225 intercedere
1382 3159 1469 3225 inter
1483 3179 1518 3224 se
1533 3163 1567 3224 et
1582 3156 1711 3223 Iubam.

374 3267 485 3351 itaque
509 3270 539 3346 6,
553 3269 709 3337 96--100
731 3288 772 3332 ex
795 3266 880 3333 Iuba
901 3264 1112 3352 fluxerunt⁰).

479 3392 518 3437 ac
544 3393 585 3437 ne
609 3374 720 3453 6,th
750 3372 881 3457 quidem
911 3372 1057 3457 intellegi
1087 3376 1224 3457 possunt
1253 3370 1351 3438 verba
1379 3371 1476 3452 Plini,
1511 3372 1575 3438 nisi
1604 3372 1712 3457 ipsum

375 3476 496 3546 Iubam
529 3478 678 3545 manibus
704 3479 810 3545 trivit:
847 3478 927 3543 Iuba
959 3480 1012 3564 qui
1039 3479 1158 3542 uidebar
1188 3478 1410 3561 dilipeutrssime
1435 3491 1605 3564 persecutam
1635 3479 1712 3561 laec,

375 3586 476 3649 ambit
496 3586 528 3649 ia
551 3585 605 3650 boc
627 3597 725 3651 tractu
748 3588 823 3650 uisi
843 3587 1107 3673 exemplarium
1129 3587 1258 3650 citium
1272 3597 1322 3660 est,
1338 3586 1505 3651 Berenices
1519 3607 1586 3669 cqs.
1625 3585 1713 3669 quod

375 3693 403 3757 is
426 3696 554 3759 tantum
577 3692 685 3759 dicere
707 3698 848 3779 poterat,
879 3713 978 3779 penes
1006 3713 1100 3778 quem
1132 3692 1330 3777 exemplaria
1360 3698 1463 3759 erant.
1509 3691 1714 3775 cognoscitur

377 3798 475 3863 etiam
499 3798 613 3881 quanti
628 3797 756 3863 Plinius
772 3798 890 3865 Iubam
912 3798 1141 3868 aestimaverit.
1188 3799 1300 3882 itaque
1323 3817 1544 3881 quaecumque
1566 3796 1609 3863 ad
1630 3795 1713 3861 illud

376 3903 482 3971 Iubae
502 3925 582 3989 opus
598 3911 757 3989 spectant,
782 3927 822 3971 ex
844 3906 914 3990 ipso
931 3905 1046 3972 hausta
1062 3912 1153 3971 sunt:
1177 3908 1297 3988 6,124.
1320 3907 1394 3975 139.
1418 3903 1713 3989 1491661791).

377 4015 487 4076 tamen
518 4032 582 4077 uon
612 4012 668 4076 uui
699 4010 802 4077 Iubae
829 4011 956 4078 Plinius
987 4010 1137 4078 credidit.
1183 4009 1331 4078 conferas
1362 4010 1447 4076 enim
1478 4030 1600 4094 quaeso
1631 4031 1715 4093 quae

378 4117 541 4202 6,138sq.
573 4117 613 4183 de
640 4116 758 4201 oppido
782 4114 929 4184 Charace
950 4123 1075 4201 namet,
1110 4117 1150 4183 ds
1183 4138 1247 4202 quo
1280 4116 1500 4182 abundantem
1533 4115 1715 4182 doctrinam

379 4222 529 4291 ostendit.
586 4222 620 4287 in
655 4223 747 4288 cuius
781 4223 892 4308 oppidi
924 4223 1060 4290 historia
1094 4222 1277 4289 enarranda
1310 4220 1395 4288 Iuba
1432 4224 1587 4306 carpitur,
1627 4222 1715 4308 quod

377 4382 591 4394 -—-—·——-

488 4470 510 4538 1)
529 4468 563 4529 cl.
586 4467 625 4525 M.
645 4471 675 4526 0.
693 4470 725 4526 P.
748 4469 873 4525 Schmidt
897 4469 929 4526 dc
950 4469 1059 4542 Polybii
1079 4486 1170 4541 peopr.
1195 4470 1266 4525 1875
1290 4469 1362 4524 thes.
1385 4469 1411 4525 2.
1430 4468 1528 4526 Jahrb.
1551 4470 1603 4524 125
1626 4470 1716 4534 (1882)

378 4573 406 4626 p·
425 4557 575 4615 113-122.
611 4556 728 4627 Berger,
748 4556 900 4615 Erdlruade
917 4557 965 4613 der
987 4557 1132 4613 deiectas*
1151 4556 1222 4613 1903
1241 4573 1268 4626 p.
1288 4557 1349 4612 509.

488 4644 510 4717 ⁹)
530 4648 572 4712 12,
586 4648 621 4703 66
644 4647 716 4703 Iube
742 4664 793 4703 rea
814 4646 852 4703 iis
875 4646 1059 4702 uoluminibus
1081 4663 1149 4715 quae
1171 4644 1286 4715 scripsit
1307 4645 1344 4702 ad
1373 4645 1402 4703 G.
1430 4645 1574 4702 Gaesarem
1597 4647 1718 4718 Augusti

379 4733 468 4795 tuam
487 4734 626 4790 ardentem
644 4734 725 4805 fama
742 4735 871 4790 Arabiae.
909 4733 1153 4805 32‚101uoastr
1171 4732 1365 4800 columinibus,
1397 4751 1467 4804 quae
1493 4735 1608 4806 scripsit
1625 4735 1662 4791 ad
1685 4733 1715 4796 0.

380 4822 524 4881 demerem
542 4824 663 4895 Augusti
675 4822 767 4893 fllium
787 4822 818 4879 de
836 4822 950 4878 Arabia.

490 4911 515 4982 ⁸)
531 4918 652 4983 nugetur
672 4913 850 4969 Susamiblius
873 4913 937 4970 bist.
961 4911 1016 4969 litt.
1037 4929 1126 4983 praec
1148 4915 1201 4969 aet.
1220 4912 1299 4971 aar.
1318 4912 1351 4968 11
1372 4929 1400 4983 p.
1420 4914 1473 4969 108
1492 4911 1555 4969 adn.
1575 4913 1636 4980 341,
1655 4927 1716 4965 cam

380 5004 539 5071 sec-205
558 5008 643 5073 atque
661 5003 745 5059 etiem
763 5004 789 5070 6,
799 5004 905 5059 tre-95
925 5020 959 5057 ex
976 5000 1047 5056 Iuba
1066 5006 1178 5073 sumpta
1196 5019 1257 5058 esse
1275 5003 1428 5061 contendit.

487 5094 514 5163 ⁴)
532 5092 568 5145 sd
585 5097 679 5147 utrum
697 5109 766 5161 opus
786 5094 811 5162 5,
821 5092 855 5147 59
875 5094 982 5160 spectet
1000 5090 1130 5146 haeseris.
