4275 6025
1064 698 1108 763 46

415 912 512 980 modo
534 935 567 998 p.
583 917 628 982 44
652 911 775 980 Seboso
795 933 992 997 quamquam
1017 910 1207 979 dubitanter
1221 910 1410 988 tribnimns;
1434 911 1476 977 de
1490 915 1523 994 4,
1536 913 1580 980 94
1595 914 1629 976 11
1644 914 1674 991 4,
1691 912 1755 978 104

417 1016 674 1084 Oehmichenum
696 1038 761 1084 non
784 1019 960 1104 sequimur,
984 1019 1040 1104 qui
1062 1019 1143 1083 haec
1169 1037 1297 1102 quoque
1320 1016 1448 1084 Isidoro
1477 1038 1536 1084 sno
1567 1016 1710 1083 vindicat
1718 1015 1754 1096 ¹).

417 1145 514 1209 quem
538 1122 671 1190 Timaeo
694 1144 787 1190 usum
810 1145 878 1190 esse
901 1122 992 1192 nulla
1018 1144 1055 1189 re
1085 1123 1322 1209 comprobatur.
1374 1121 1491 1207 Polybi
1521 1123 1607 1190 eninr
1636 1121 1755 1188 iudicio

417 1232 487 1297 eius
521 1229 670 1297 doctrina
704 1229 892 1296 oblitterata
930 1251 1001 1296 esse
1033 1230 1172 1297 videtur.
1230 1228 1288 1295 sed
1322 1250 1396 1294 cum
1427 1227 1560 1296 Timaeo
1594 1227 1651 1294 illo
1684 1227 1755 1294 loco

417 1338 591 1404 cohaerent
618 1336 855 1416 Hecataeus,
888 1336 1107 1422 Xenophon
1136 1333 1432 1421 Lampsacenus,
1466 1334 1646 1421 Pytheas.
1694 1334 1756 1401 hoc

418 1449 526 1510 antem
559 1465 631 1510 cum
655 1442 806 1510 Timaeus
837 1449 908 1510 tum
939 1443 1175 1509 Eratosthenes
1204 1464 1282 1509 usus
1314 1447 1373 1512 est.
1427 1442 1580 1509 landatur
1611 1442 1754 1529 Pytheas

418 1553 449 1634 2,
462 1554 528 1620 217
551 1550 636 1616 inter
658 1550 910 1637 Varroniaual),
939 1551 1025 1616 unde
1059 1550 1199 1618 fortasse
1230 1551 1341 1629 1181
1370 1569 1500 1634 quoque
1531 1571 1590 1635 per
1621 1551 1755 1616 eundem

417 1658 522 1724 rivum
554 1655 598 1723 ad
628 1657 770 1722 Plinium
802 1655 931 1722 fluxisse
965 1656 1039 1739 quis
1070 1655 1252 1737 coniecerit,
1283 1654 1341 1721 sed
1362 1657 1475 1738 4,102
1502 1653 1543 1721 de
1565 1655 1755 1722 Britanniae

417 1765 554 1831 11111111
577 1762 722 1849 Pytheas
746 1769 779 1828 11
802 1763 949 1831 Isidorus
971 1763 1174 1833 adferuntur.

525 1869 668 1954 adiungo
691 1869 957 1950 Posidonium,
982 1859 1079 1952 quem
1102 1891 1122 1936 a
1145 1869 1251 1934 Plinio
1273 1868 1455 1953 inspectum
1476 1889 1540 1934 non
1568 1889 1639 1934 esse
1669 1868 1756 1933 inter

419 1995 528 2041 omnes
552 1974 723 2060 constatll.
771 1976 858 2059 quod
882 1977 910 2041 si
933 1975 1132 2060 argumentis
1153 1973 1284 2041 firmare
1307 1995 1389 2059 opus
1412 1981 1472 2058 111,
1496 1975 1590 2041 adest
1608 1974 1755 2040 luculen-

418 2082 594 2147 tissimum:
618 2082 733 2147 laudat
756 2083 841 2147 enim
863 2081 990 2148 Plinius
1021 2082 1089 2150 ind.
1121 2085 1140 2152 5
1172 2081 1242 2148 eius
1271 2079 1451 2167 περίπλουν
1481 2085 1540 2146 111
1569 2077 1755 2166 περιήγησιν

419 2184 507 2270 quod
529 2207 610 2270 opus
633 2187 762 2252 omnino
785 2208 850 2252 non
874 2188 1075 2272 conscripsit.

526 2293 665 2377 denique
688 2315 728 2359 ex
751 2295 874 2378 graecis
897 2295 1085 2361 auctoribus
1107 2293 1143 2360 hi
1166 2298 1353 2378 supersunt:
1377 2293 1617 2378 Agathocles
1636 2291 1693 2378 qui
1713 2289 1754 2357 de

419 2396 532 2465 Sicilia
555 2399 691 2484 scripsit,
720 2420 873 2485 nusquam
899 2401 1052 2466 laudatus
1076 2407 1207 2485 praeter
1229 2399 1350 2467 indices
1373 2403 1471 2471 4-6.

526 2505 752 2572 Alexander
774 2505 1002 2592 Polyhistor
1026 2513 1059 2573 11
1082 2508 1115 2572 in
1143 2507 1207 2572 ind.
1232 2509 1319 2577 3—6
1350 2512 1383 2573 11
1414 2510 1524 2587 11124
1556 2505 1597 2572 de
1626 2505 1755 2572 nomine

419 2607 616 2677 Orobiorum
643 2611 806 2676 laudatur.
852 2634 916 2696 quo
947 2614 1093 2697 quamvis
1116 2612 1224 2681 Varro
1256 2634 1335 2678 usus
1365 2612 1409 2680 sit
1433 2611 1488 2698 (ci.
1511 2610 1635 2680 Oomm.
1657 2611 1755 2678 Bern.

417 2713 497 2784 Luc.
523 2719 553 2798 9,
566 2719 656 2804 411),
681 2727 789 2785 tamen
813 2740 850 2786 eo
873 2720 944 2786 loco
967 2721 1052 2786 unde
1076 2721 1145 2786 eius
1174 2741 1277 2804 nugas
1309 2719 1435 2786 Plinius
1465 2720 1647 2805 sumpserit,
1678 2719 1756 2784 hinc

418 2843 482 2888 non
506 2823 650 2906 expedio.
697 2825 891 2892 Amometi
914 2825 1067 2892 landatur
1084 2827 1320 2892 Attacenornm
1342 2825 1480 2891 historia
1495 2825 1645 2891 fabulosa
1667 2826 1697 2904 6,
1711 2827 1755 2894 55

418 2927 474 3015 (ci.
505 2929 571 2998 ind.
605 2932 650 3009 6).
709 2953 792 3017 quae
826 2952 898 2997 cum
933 2941 1137 3017 comparetur
1171 2952 1244 2998 cum
1273 2930 1433 2997 Hecataei
1463 2929 1504 2996 de
1535 2929 1755 3017 Hyperboreis

418 3036 538 3120 fabula,
563 3058 583 3102 1
605 3038 714 3104 Plinio
736 3040 806 3124 ipso
829 3038 915 3105 locta
937 3061 1000 3105 non
1025 3060 1093 3105 esse
1115 3038 1251 3107 videtur.

526 3144 743 3228 Antigenes
766 3143 843 3227 (ind.
868 3146 912 3230 5),
941 3146 1244 3232 Apollodorus⁴)
1269 3145 1348 3232 (ind.
1370 3150 1403 3214 4.
1428 3144 1465 3231 6)
1488 3145 1545 3229 qui
1568 3144 1643 3223 sint,
1675 3143 1754 3209 mihi

419 3270 483 3315 non
518 3249 722 3333 exploratum
756 3257 815 3316 cst.
872 3273 932 3317 nec
965 3255 1071 3319 minus
1102 3252 1231 3319 obscuri
1260 3250 1519 3319 Aristarchus
1552 3250 1755 3335 Sicyonius

420 3354 498 3438 (ind.
523 3357 568 3437 5),
592 3354 831 3423 Callicrates
854 3357 931 3439 (ind.
949 3361 978 3427 3.
995 3365 1028 3437 b)
1052 3355 1304 3443 Calliphanes
1327 3358 1444 3442 (ibid),
1466 3359 1544 3424 item
1559 3357 1755 3424 Diodorus

419 3461 731 3550 syracusanus.³)

527 3570 759 3637 Eumachum
781 3593 867 3638 nunc
889 3572 986 3656 vulgo
1009 3572 1188 3657 explodunt
1208 3574 1349 3641 omnino.
1387 3579 1422 3639 11
1438 3594 1635 3658 quamquam
1649 3570 1755 3641 ind.4

419 3681 465 3761 (p.
482 3680 535 3759 23,
549 3681 588 3746 21
612 3678 716 3757 Detl.)
740 3679 826 3745 inter
842 3679 1060 3762 Agathoclem
1077 3690 1111 3746 et
1125 3679 1293 3747 Timaeum
1315 3682 1349 3746 in
1372 3680 1441 3746 solo
1466 3681 1576 3747 codice
1595 3678 1755 3745 Toletano

419 3784 488 3850 eius
521 3806 636 3851 nomen
668 3792 784 3865 exstat,
817 3785 883 3853 ind.
920 3789 940 3857 6
976 3793 1020 3871 (p.
1056 3789 1144 3869 26,8
1179 3784 1282 3867 Detl.)
1317 3788 1351 3852 in
1384 3786 1448 3854 hac
1479 3787 1561 3853 serie
1594 3785 1756 3869 Apotlocle

417 3890 544 3977 Polybio
580 3891 736 3957 Eumaolo
778 3892 899 3957 Timaeo
941 3894 975 3958 in
1017 3894 1086 3960 solo
1128 3893 1196 3959 cod.
1234 3893 1331 3959 Paris
1373 3896 1470 3976 6797,
1513 3897 1624 3959 tamen
1668 3892 1755 3958 unde

418 3995 573 4063 librarius
595 4020 712 4066 nomen
735 4001 865 4066 minime
887 4000 1115 4085 pervulgatum
1139 4001 1367 4085 interponeret,
1395 4000 1587 4084 praesertim
1619 4019 1691 4064 cum
1720 4000 1754 4063 in

419 4102 498 4185 ipsis
520 4102 612 4169 libris
634 4127 698 4170 non
726 4105 898 4189 legeretur,
931 4104 1056 4171 frustra
1086 4106 1241 4189 quaesivi.
1296 4105 1420 4171 accedit
1450 4105 1537 4191 quod
1568 4103 1755 4192 περιήγησιν

419 4206 511 4273 illum
535 4208 739 4277 Eumachum
762 4212 928 4296 scripsisse
958 4217 1086 4277 constat
1108 4210 1299 4295 Phlegontis
1329 4211 1529 4279 testimonio:
1561 4210 1677 4278 mirab.
1701 4216 1754 4281 18.

530 4368 549 4433 ¹)
568 4367 642 4423 Plio.
663 4368 734 4425 stud
761 4371 832 4426 1880
850 4388 876 4439 p.
897 4371 921 4426 6.

528 4452 552 4524 ¹)
571 4455 607 4510 ci.
626 4455 660 4510 R.
681 4456 868 4514 Reitzenstein
888 4459 1005 4513 Hermas
1025 4461 1059 4516 20
1079 4460 1169 4530 (1885)
1187 4476 1215 4529 p.
1229 4461 1325 4529 52211.

466 4542 550 4686 362.)
570 4543 603 4598 cf.
631 4544 758 4614 Hdgarns
785 4545 908 4615 Martini,
936 4549 1107 4619 111111ΐί11111
1134 4548 1345 4607 Posidonioooe.
1391 4548 1483 4618 Leipn.
1507 4545 1585 4603 811111.
1606 4547 1639 4602 17
1659 4546 1756 4616 (1895)

418 4646 448 4699 p.
524 4648 564 4701 sq.

528 4721 551 4791 ⁴)
562 4737 623 4774 cum
636 4720 740 4789 oppida
753 4722 884 4779 Boeotiae
896 4726 923 4793 4,
933 4728 975 4782 25.
989 4728 1023 4782 26
1036 4726 1178 4795 pleraque,
1191 4725 1241 4780 sed
1253 4725 1337 4779 etiam
1346 4723 1463 4778 aliarum
1474 4724 1607 4779 Graeciae
1616 4726 1755 4777 1111111111

419 4808 534 4862 nonulla
552 4826 587 4864 ex
604 4810 726 4877 Βοιωτίᾳ
744 4817 853 4881 sumpta
871 4813 935 4878 sint,
957 4814 1030 4869 haud
1056 4816 1113 4869 scio
1137 4832 1171 4869 an
1196 4832 1252 4869 non
1273 4805 1356 4868 nimis
1379 4812 1510 4869 audacter
1533 4814 1569 4867 de
1591 4812 1756 4868 Atheniensi

418 4898 539 4968 cogitem
558 4899 670 4969 eiusque
688 4902 818 4971 περὶτοῦ
836 4901 908 4952 11161
926 4900 1079 4973 καταλόγου
1096 4902 1185 4959 libris.
1209 4900 1574 4970 51114,26071’111111151
1593 4916 1646 4970 pro
1660 4898 1756 4955 Gla'ssa

417 5003 481 5042 cum
500 4986 634 5043 Barbaro.

528 5076 551 5145 1)
570 5092 607 5131 an
625 5076 765 5147 Agyrinns
784 5073 843 5131 estl
878 5074 955 5130 cuius
973 5092 1042 5147 opus
1059 5081 1176 5148 propter
1193 5077 1307 5132 titulum
1325 5082 1556 5134 commemoratur
1573 5077 1663 5148 praef.
1682 5077 1726 5134 25.
