4275 6025
1026 729 1069 795 83

323 926 326 932 ¹
446 940 531 1005 initio
563 937 745 1025 Drpmodee,
780 961 850 1002 mon
882 938 1022 1023 Pelaepis
1142 940 1176 1003 in
1213 962 1250 1005 eo
1286 951 1355 1005 sunt
1391 944 1512 1010 mles
1544 942 1715 1029 Psophis,

379 1045 546 1132 appellata.
590 1048 747 1129 oppida
769 1046 830 1109 eius
846 1045 1021 1131 Psophis,
1080 1045 1242 1135 Tepee¹),
1270 1046 1512 1115 Orchomenos.

379 1152 547 1229 Mantinea,
564 1150 788 1238 Stymphalnm,
812 1151 938 1237 Tepea,
954 1153 1021 1217 An·

380 1261 507 1345 tiponea,
550 1258 820 1333 Orchomenum,
856 1259 1020 1335 Pheneum,

379 1364 569 1429 Pollentiam
599 1368 679 1431 unde
707 1368 863 1431 Palatium
892 1367 1018 1439 Rornae,

379 1472 585 1557 Mepalepolia,
644 1470 790 1560 Gortyna,
844 1474 1017 1549 Bneeolium,

385 1576 528 1653 Carnion,
560 1579 735 1653 Parrhasio,
767 1580 925 1667 Ihelpuaa,
952 1578 1019 1644 Me·

379 1684 491 1759 laenae,
504 1684 634 1759 Heraea,
647 1685 754 1771 Pplae,
763 1687 895 1760 Pallene,
905 1687 1017 1772 Aprae,

378 1789 504 1875 Epium
540 1788 714 1875 Cynaethne,
751 1792 892 1879 Lepreon
919 1794 1018 1858 Area-

379 1896 493 1984 diae1),
530 1896 738 1967 Parthenium.
777 1900 863 1974 Alea,
902 1901 1018 1987 Methy-

378 2005 490 2077 drium,
518 2001 645 2089 Enispe,
673 2006 844 2082 Maeuium,
870 2006 1017 2093 Lampia,

381 2108 547 2184 Clitorirem,
575 2108 708 2174 Cleonae.
754 2114 830 2177 inter
857 2135 934 2199 quae
960 2116 1019 2177 clero

379 2218 494 2302 oppida
516 2219 598 2301 repio
619 2216 736 2283 Nemea
758 2230 798 2283 eet
817 2218 1018 2285 Bembinadia

377 2325 513 2390 somata

446 2434 483 2501 21
505 2440 664 2499 moratos
684 2432 717 2495 in
732 2433 870 2496 Arcadia
885 2432 1020 2496 Pholoe
1140 2441 1300 2501 moratos
1333 2434 1478 2511 Pholoe,
1510 2436 1711 2524 Cyllenius,

378 2560 446 2601 oum
469 2540 592 2625 oppido,
616 2540 685 2603 item
701 2538 858 2625 Cyllene,
883 2539 1020 2626 Lycaeus
1074 2536 1311 2614 Parthenius,
1334 2542 1533 2611 Maenalus.

377 2646 410 2707 in
426 2668 485 2731 quo
501 2644 615 2731 Lpaaei
631 2646 721 2710 Jovis
736 2646 901 2721 delubrum,
919 2646 957 2709 M
961 2669 1018 2711 ae·

377 2751 495 2825 nalne,
543 2754 733 2827 Artemisiae,
783 2753 1018 2827 Parthenius,

376 2858 542 2944 Lampens,
562 2858 723 2933 Nonacris,
738 2870 917 2946 praeterque
939 2861 1020 2944 ipno·

378 2964 448 3030 bilae
471 2964 565 3030 VIII.

445 3091 591 3139 amotos
635 3071 765 3137 Ladon
807 3095 822 3138 e
854 3073 1019 3160 paludibus
1134 3077 1321 3156 flumina
1375 3076 1623 3164 Erymanthus
1685 3093 1714 3146 et

375 3179 498 3252 Phenei,
519 3177 767 3265 Erymanthus
790 3203 805 3245 e
827 3192 922 3245 monte
944 3183 1018 3246 eius·
1071 3181 1212 3248 Ladon.

376 3285 444 3348 dem
466 3287 593 3351 nomimis
615 3289 648 3352 in
670 3287 822 3374 Alpheum
844 3287 987 3374 defluens.

485 3465 592 3528 certus
607 3463 663 3529 ille
680 3461 758 3529 ordo
775 3462 967 3548 oppidorum
981 3465 1140 3530 montium
1154 3464 1323 3534 fluminum
1337 3488 1396 3554 per
1410 3473 1515 3534 tetam
1529 3469 1711 3555 periegesin

373 3561 443 3631 lere
465 3575 614 3635 servatur
622 3567 657 3654 ³).

483 3677 518 3742 in
541 3677 587 3741 eis
610 3697 686 3743 vero
710 3677 806 3744 terris
830 3697 913 3761 quae
935 3676 1032 3761 longe
1053 3677 1147 3743 iuxta
1169 3698 1258 3744 mare
1280 3678 1468 3760 tenduntur,
1500 3679 1621 3765 oppida
1642 3681 1711 3766 ple-

374 3804 514 3867 rumque
545 3804 618 3849 eum
650 3783 776 3868 periplo
806 3783 955 3850 absolute
984 3789 1068 3850 sunt.
1115 3779 1225 3849 tamen
1256 3804 1296 3849 ne
1318 3789 1398 3850 tune
1420 3785 1551 3869 quidem
1575 3789 1712 3873 vestigia

375 3890 444 3955 eius
467 3890 590 3956 ordinis
615 3892 740 3974 desunt,
765 3913 849 3978 quae
866 3891 1038 3959 Schwedsr
1053 3889 1184 3976 collegit
1203 3890 1263 3960 1.l.
1301 3911 1399 3975 quam
1414 3890 1553 3958 formam
1568 3891 1711 3963 Varroni

375 3995 486 4062 deberi
508 4019 567 4082 pro
590 4000 757 4084 explorato
778 3999 855 4066 lieet
876 3998 1008 4066 habere.

482 4106 548 4170 iam
571 4113 684 4173 anatot
703 4129 724 4192 y
746 4107 818 4191 quis
840 4105 939 4171 inerit
961 4109 1019 4172 aut
1041 4104 1157 4170 saltem
1180 4103 1286 4187 qualis
1309 4101 1409 4170 fuerit
1431 4103 1626 4188 quaerimus.
1672 4124 1711 4172 aa

374 4208 615 4278 Mflllenholfius
647 4212 778 4298 quidem
800 4210 939 4297 Nepotis
969 4210 1239 4296 chorographiam
1271 4231 1293 4277 a
1317 4209 1408 4277 Mela
1438 4210 1613 4296 expilatam
1641 4233 1711 4280 esse

373 4318 538 4406 statuit4).
589 4321 631 4386 ad
662 4342 757 4407 quam
791 4319 984 4386 sententiam
1014 4326 1188 4404 propterea
1215 4318 1333 4386 duatus
1363 4339 1434 4387 esse
1464 4318 1594 4386 videtur
1623 4321 1711 4408 quod

373 4423 488 4510 Nepos
503 4448 586 4492 unus
601 4428 668 4493 lere
684 4429 824 4513 scriptor
839 4427 926 4512 apud
937 4427 1059 4493 Melam
1074 4427 1239 4493 laudatur.
1263 4426 1389 4494 aooedit
1400 4427 1488 4512 quod
1499 4427 1638 4511 Nepotis
1652 4428 1711 4492 illa

374 4587 586 4598 ——--.

484 4673 506 4745 1)
525 4673 561 4727 ad
579 4673 727 4729 discrimen
744 4671 808 4729 Elei
825 4672 922 4744 oppidi
939 4673 1023 4740 4,14.

482 4762 503 4833 ¹)
522 4762 597 4818 tonia
616 4762 678 4818 eod.
697 4763 745 4816 ssd
758 4761 871 4832 Tegean
889 4759 1107 4832 intellegendum
1126 4777 1186 4817 ease
1204 4761 1343 4818 eonsentit
1355 4759 1512 4834 Hansenus,
1530 4759 1663 4834 Brinipe
1675 4777 1711 4818 ru

372 4849 449 4907 alten
469 4847 657 4923 Geoprnpheu.
696 4850 792 4922 Progr.
811 4849 1037 4905 Sondsrshaussn
1055 4848 1126 4906 1879
1144 4867 1171 4920 p.
1184 4850 1210 4906 8.

483 4940 504 5008 ⁸)
523 4939 569 4995 hio
586 4940 645 4994 illis
662 4939 755 4994 fontes
774 4939 916 4995 anement.
1478 5011 1482 5018 Ι

481 5030 505 5100 ⁴)
523 5029 661 5085 Dentsehe
678 5027 920 5086 Altertumslsunde
936 5027 986 5084 111
1010 5029 1081 5086 1892
1102 5045 1131 5098 p.
1151 5029 1194 5084 63.
1231 5045 1329 5100 parum
1351 5028 1471 5100 profeeit
1488 5027 1519 5083 in
1536 5025 1628 5084 Melae
1648 5026 1708 5081 lon·

370 5117 446 5173 tibus
465 5117 631 5188 indagandis
649 5117 684 5179 R.
703 5117 816 5176 Hansen
834 5118 933 5176 Jahrb.
953 5119 1004 5178 117
1024 5119 1119 5194 (1878)
1138 5137 1165 5191 p.
1178 5119 1277 5191 tsosq.
1513 5206 1549 5262 6·
1603 5196 1609 5212 ‚
