4275 6025
1110 729 1174 791 162

470 961 515 1006 er
536 937 748 1003 Artemidoro
777 943 887 1002 autem
917 957 958 1000 ea
983 937 1089 1020 petita
1114 957 1185 1002 eme
1211 958 1275 1002 uon
1302 941 1447 1020 possm
1497 938 1564 1004 alia
1590 940 1675 1004 enim
1702 939 1810 1006 forms

469 1045 610 1109 nominis
622 1041 733 1108 (larue
750 1045 871 1109 utitur:
894 1041 1026 1126 Κόρης,
1050 1043 1322 1127 desideraturque
1333 1045 1421 1128 apud
1438 1046 1524 1110 enim
1539 1045 1696 1128 Balanea,
1720 1046 1810 1130 quod

469 1172 514 1218 nc
533 1152 609 1236 quia
628 1151 717 1215 inter
730 1149 854 1234 Κάρπις
867 1157 903 1216 et
916 1149 1046 1228 Πόλτυς
1058 1152 1192 1234 inserat,
1214 1159 1346 1216 cautum
1366 1158 1416 1216 ost
1430 1173 1507 1217 voce
1520 1159 1666 1232 συνεχῶς
1696 1159 1809 1220 tamen

468 1256 553 1322 haec
572 1257 748 1323 similitudo
769 1259 856 1322 viam
877 1259 972 1322 nohis
992 1256 1163 1322 ostendere
1185 1263 1293 1341 potest
1302 1257 1341 1340 ¹).
1385 1279 1461 1323 nam
1484 1280 1557 1324 oum
1580 1259 1733 1326 subtilior
1751 1261 1808 1326 illa

469 1361 586 1428 divisio
598 1383 622 1426 a
633 1362 786 1440 Varrone,
800 1363 962 1446 Agrippa,
976 1361 1131 1427 Muciano
1145 1362 1253 1426 aliena
1267 1363 1321 1440 sit,
1336 1373 1476 1444 quartus
1490 1367 1667 1448 requiritur
1681 1375 1807 1449 motor,

467 1491 566 1554 quern
588 1468 753 1534 Isidorum
778 1490 849 1534 esse
877 1469 1010 1536 conicio.
1055 1490 1253 1552 quamquam
1284 1470 1352 1534 scio
1373 1479 1566 1553 argumenta
1588 1474 1730 1540 certiora
1752 1497 1808 1540 ex·

467 1576 619 1660 speotmi
656 1583 696 1640 ut
728 1576 914 1640 coniectura
945 1574 1109 1658 probetur,
1148 1582 1257 1638 nmen
1290 1583 1424 1660 propter
1455 1579 1625 1661 penuriam
1662 1581 1808 1646 omnium

465 1703 577 1748 rerum
603 1680 723 1764 quihus
751 1680 811 1744 lux
835 1678 991 1745 afferatur
1020 1679 1098 1744 huic
1119 1679 1201 1762 loco,
1224 1680 1258 1743 in
1280 1702 1434 1764 praesens
1455 1685 1640 1767 opinatione
1660 1687 1807 1752 contenti

466 1810 538 1854 eme
551 1788 718 1853 dehemus.
755 1808 842 1870 quae
855 1808 920 1852 non
934 1795 1004 1850 tam
1017 1784 1148 1850 infirma
1162 1786 1336 1869 videbitur,
1350 1789 1407 1852 uhi
1422 1785 1541 1855 Isidori
1558 1791 1654 1874 plura
1676 1814 1807 1858 evasere

465 1895 660 1976 fragmenta
703 1896 817 1979 itaque
838 1915 1035 1978 quamquam
1057 1893 1099 1959 de
1118 1896 1248 1959 nomine
1262 1894 1340 1959 lieet
1353 1895 1528 1979 ambigere,
1542 1903 1652 1964 tamur
1666 1899 1709 1966 de
1724 1921 1808 1966 novo

465 2013 601 2066 auctore
621 2020 688 2064 uon
709 2002 799 2065 item.

577 2117 648 2170 tum
669 2106 826 2170 interiora
847 2111 1043 2170 mactantur:
1067 2109 1100 2184 5,
1112 2107 1167 2173 81.
1189 2108 1244 2173 82.
1289 2107 1325 2170 in
1347 2105 1467 2189 quihus
1482 2107 1563 2173 ordo
1577 2109 1806 2176 elementarius

465 2211 606 2279 cuncto
634 2232 748 2277 ansam
778 2210 880 2286 dedit,
909 2218 949 2274 ut
978 2230 1021 2274 ex
1050 2209 1217 2274 laterculis
1247 2212 1401 2276 censoriis
1423 2212 1584 2295 quaedam
1605 2217 1712 2298 petita
1734 2239 1805 2281 esse

464 2318 671 2404 πώποτ’)
722 2325 833 2382 tamen
866 2317 897 2380 ei
929 2337 995 2380 non
1027 2318 1137 2381 omnia
1165 2317 1387 2400 praebuerunt
1417 2341 1501 2402 quae
1530 2343 1617 2386 nuuc
1646 2323 1707 2388 hoc
1734 2324 1807 2389 loeo

463 2426 609 2505 legimus
634 2427 748 2509 itaque
757 2426 945 2489 coniunctos
958 2445 1030 2488 esse
1044 2425 1168 2489 conicio
1182 2446 1257 2488 cum
1272 2424 1408 2489 alterius
1422 2426 1589 2509 scriptoris
1603 2430 1803 2496 narratione.

463 2533 509 2598 ad
530 2534 712 2617 periegesiu
733 2541 844 2596 autem
865 2531 1090 2614 supplementa
1104 2551 1169 2593 non
1184 2530 1356 2612 pertinent
1402 2551 1461 2594 uec
1475 2533 1561 2594 euim
1577 2534 1664 2597 inter
1686 2533 1804 2618 Syriae

462 2642 597 2704 nomina
606 2638 794 2723 Cyrresticae
803 2645 1022 2704 enumeratur.
1057 2656 1156 2718 quam
1171 2637 1333 2699 notionem
1348 2635 1436 2699 novit
1451 2637 1509 2718 qui
1523 2639 1554 2716 6,
1568 2640 1612 2705 24
1623 2639 1804 2704 Armeniae

463 2747 715 2830 descriptionem
738 2744 846 2809 Plinio
868 2743 1096 2827 suppeditavit.
1119 2741 1153 2808 h.
1176 2763 1204 2806 e
1229 2740 1407 2820 hiscimus,
1432 2743 1517 2806 ucat
1547 2743 1634 2808 infra
1662 2745 1805 2828 probare

463 2852 663 2918 conabimur.
708 2851 795 2916 idem
817 2852 908 2914 novit
928 2870 1057 2913 amnem
1079 2847 1244 2931 Marsyam
1267 2851 1350 2924 ὑ,81
1377 2847 1418 2916 cf.
1442 2851 1540 2927 286.

574 2961 723 3044 sequitur
738 2957 917 3041 Euphratis
938 2955 1113 3039 descriptio
1136 2959 1167 3028 5.
1179 2958 1300 3033 esa—o,
1314 2956 1358 3022 90
1380 2975 1446 3037 qua
1461 2955 1531 3019 eius
1546 2975 1661 3020 cursus
1675 2976 1697 3021 a
1710 2955 1804 3022 fonte

462 3075 644 3131 enarratur.
688 3066 806 3128 innexa
828 3074 980 3145 estpars
1000 3060 1253 3143 Mesopotamiae
1276 3068 1311 3123 et
1331 3060 1487 3126 Arabiae.
1532 3064 1681 3144 pergitur
1702 3062 1803 3147 longo

462 3174 594 3236 demum
614 3169 785 3235 intervallo
807 3176 838 3247 tl,
853 3172 977 3251 tllsq.
1021 3168 1150 3231 orditur
1171 3176 1281 3229 autem
1303 3163 1431 3229 Plinius
1452 3167 1546 3247 quasi
1568 3169 1711 3249 quadam
1749 3190 1802 3233 ex·

461 3280 641 3343 cusatione:
664 3288 695 3340 et
713 3279 751 3339 de
772 3276 933 3360 Eppia-otc
953 3275 1008 3337 hoc
1027 3277 1062 3336 in
1083 3274 1146 3337 loeo
1167 3274 1278 3335 umes
1302 3274 1492 3357 offlioeinum
1508 3272 1609 3355 simil.
1654 3276 1707 3340 vel
1738 3277 1801 3341 hac

459 3405 498 3447 rc
519 3382 695 3447 admodum
724 3384 895 3464 perspicue
924 3382 1087 3444 indicatur
1110 3378 1290 3462 Euphratis
1321 3379 1569 3461 descriptionem
1591 3402 1613 3444 a
1642 3382 1799 3465 periegesi

459 3490 600 3553 alienam
623 3510 703 3553 csse.
748 3511 789 3553 ac
810 3488 957 3572 prolecto
979 3508 1045 3551 non
1065 3495 1139 3550 erat
1159 3508 1218 3550 cur
1239 3485 1283 3551 ad
1299 3486 1478 3569 Euphratis
1500 3506 1630 3552 cursum
1646 3510 1798 3555 enarran-

460 3596 539 3659 dum
561 3595 615 3660 hic
634 3596 837 3680 periegeeeos
858 3605 974 3660 auctor
995 3594 1228 3677 digrederetur,
1257 3595 1379 3677 quippe
1401 3594 1454 3675 qui
1476 3614 1498 3658 a
1520 3596 1603 3658 mari
1625 3594 1798 3662 flumorum

458 3723 590 3785 quoqne
621 3724 736 3766 cursus
763 3703 915 3787 persequi
947 3701 1078 3766 soleret
1126 3700 1251 3765 aceedit
1284 3699 1372 3782 quod
1409 3702 1443 3763 in
1480 3702 1638 3783 periegoei
1670 3702 1800 3768 Arabia

457 3804 619 3890 eidolpon
639 3808 683 3871 ad
698 3830 825 3872 sensum
846 3805 1088 3872 accommodate
1110 3805 1197 3867 heuto
1220 3811 1252 3886 ὃ,
1265 3809 1308 3873 65
1332 3805 1461 3881 dicitur,
1484 3805 1539 3869 hic
1561 3811 1592 3883 5,
1604 3808 1648 3875 87
1670 3809 1798 3890 pervul-

458 3926 538 3997 gato
559 3920 687 3980 nomine
701 3915 826 4000 felir⁸).
871 3914 975 3977 latino
997 3922 1107 3977 autem
1128 3921 1260 3976 auctore
1281 3914 1316 3975 in
1338 3932 1378 3975 ea
1407 3920 1503 3993 parte
1526 3911 1668 3976 Plinium
1700 3936 1797 3979 usum

458 4044 529 4087 esse
560 4032 651 4087 certo
680 4024 838 4087 evincitur
866 4018 1103 4102 argumento¹).
1148 4039 1224 4081 uam
1255 4020 1342 4099 5,90
1371 4025 1487 4083 contra
1507 4016 1597 4082 Plini
1626 4031 1798 4085 cousuetu-

457 4129 568 4193 dinem
589 4128 828 4212 comparativus
849 4124 999 4189 adiectivi
1019 4125 1121 4185 detter
1143 4121 1273 4205 legitur,
1300 4142 1398 4206 quem
1422 4122 1479 4187 ille
1508 4124 1684 4189 secuudum
1715 4127 1796 4192 artis

457 4246 632 4318 praecepta
658 4237 798 4317 respuit:
828 4233 991 4295 demerim
1012 4282 1049 4300 ..
1072 4231 1162 4294 uloeo.
1210 4229 1286 4293 dein
1316 4230 1391 4310 quis
1422 4228 1478 4294 ille
1507 4228 1615 4307 fuerit,
1649 4253 1713 4296 uon
1745 4238 1796 4297 est

568 4403 589 4461 ¹)
608 4400 694 4453 Stnb
714 4402 767 4455 753
787 4402 815 4451 Γ
811 4397 910 4465 «idaim
936 4396 985 4450 εἶτ’
999 4394 1049 4462 ἤδη
1066 4394 1083 4461 ᾗ·
1101 4397 1159 4446 τῶν
1173 4392 1302 4463 Ἀραδίων
1318 4392 1446 4465 παραλία,
1466 4394 1576 4450 Πόλτυς
1594 4402 1638 4447 mi
1654 4396 1794 4449 Briareia

456 4492 503 4538 uei
526 4488 646 4555 Κᾶρας,
667 4488 701 4539 rri
723 4490 846 4539 ἐπίνειον
866 4490 915 4552 τῆς
934 4486 1053 4554 Ἀράδου.
1097 4502 1168 4553 quae
1190 4501 1225 4537 ex
1244 4484 1424 4536 Artemidoro
1444 4483 1556 4538 fluxim
1576 4484 1667 4555 Ruge,
1688 4491 1793 4555 qamt.

457 4575 544 4629 Stroh
567 4576 639 4629 1881ι
656 4592 685 4643 p.
702 4577 740 4629 ta
757 4582 850 4643 negat
885 4576 934 4642 qni
951 4574 1060 4628 mutius
1077 4573 1179 4641 opiuor
1195 4571 1311 4625 dirimet
1328 4571 1397 4625 haec
1414 4580 1469 4625 uon
1488 4573 1600 4626 exsolo
1612 4576 1793 4629 Artemidoro

456 4665 554 4732 petitu
591 4680 658 4715 nam
674 4664 815 4716 oeooenfit
830 4663 932 4717 Strabo
949 4680 1013 4715 cum
1029 4677 1064 4715 eo
1082 4661 1113 4714 in
1130 4660 1250 4713 nomina
1267 4659 1358 4711 torma
1375 4657 1496 4729 Κόρης,

563 4749 587 4821 ¹)
609 4752 676 4805 rolli)
692 4768 721 4819 p.
737 4751 801 4805 liti

565 4840 589 4906 ³)
607 4845 634 4901 s,
644 4840 698 4894 138
715 4856 751 4891 er
767 4854 868 4907 graeco
886 4836 965 4889 tonte
982 4836 1085 4889 mansit
1102 4852 1203 4905 graeca
1219 4851 1274 4888 vox
1291 4833 1399 4889 Aratio
1415 4833 1587 4893 Muenna.

563 4930 586 4993 Δ)
603 4927 721 4980 latinam
737 4927 856 4978 formam
872 4925 983 4977 Arabes
1000 4939 1110 4992 quoque
1126 4922 1256 4977 Praetavi
1274 4927 1430 4977 ostentant:
1449 4926 1474 4985 5.
1488 4925 1533 4980 88.
1563 4925 1600 4983 et
1617 4926 1701 4981 et'nm
1719 4925 1790 4993 5,88

454 5008 1789 5087 Ρὼψι..ρήωωωώὴ1σὰο1ιραὶαωιι411οιααιιὴῶηιμά

451 5106 548 5176 priore
563 5105 597 5159 ia
612 5102 751 5158 discordia
766 5101 906 5169 utrinque
921 5115 998 5151 cura

1610 5521 1696 5540 aaa

1417 5545 1605 5681 A
