4275 6025
1037 746 1080 811 89

953 840 1166 851 ——-..-

578 1065 652 1132 111.
677 1064 720 1132 de
744 1063 899 1146 Augusti
921 1063 1169 1149 Agrippaeque
1192 1066 1330 1133 tabulis
1353 1066 1539 1134 censoriis.

499 1244 652 1327 quoniam
674 1243 762 1309 Plini
793 1250 959 1309 auctorem
989 1262 1053 1308 non
1086 1242 1223 1309 eundem
1252 1264 1322 1309 esse
1344 1242 1643 1321 demonstravimus,
1675 1243 1730 1307 cui

391 1348 481 1415 Mela
504 1350 679 1416 maximam
702 1349 925 1435 descriptionis
947 1356 1075 1435 partem
1098 1349 1149 1415 vel
1164 1348 1232 1415 fere
1246 1355 1470 1416 totam-nam
1485 1354 1614 1435 praeter
1629 1348 1729 1433 patrii

392 1456 503 1540 oppidi
536 1454 754 1541 Tingenterae
791 1457 985 1523 mentionem
1022 1478 1100 1522 num
1136 1457 1310 1541 quicquam
1344 1455 1452 1523 Melae
1485 1456 1651 1541 proprium
1686 1455 1729 1521 sit

392 1562 732 1649 ambigo—acceptam
755 1562 865 1643 refert,
902 1584 942 1629 ex
964 1584 1060 1648 opere
1083 1562 1233 1630 Pliniano
1264 1564 1404 1649 primum
1435 1585 1534 1628 unum
1564 1566 1728 1628 auctorem

393 1689 544 1735 exsecare
581 1668 782 1748 conabimur,
820 1668 913 1733 cuius
950 1668 1076 1735 indoles
1112 1673 1202 1734 certo
1240 1669 1369 1753 cognita
1406 1674 1466 1750 est,
1504 1687 1620 1752 nempe
1656 1666 1729 1734 Au-

391 1784 534 1863 gustum.

498 1903 603 1966 neque
634 1882 718 1949 enim
743 1902 815 1946 mea
839 1880 970 1965 quidem
993 1883 1154 1948 sententia
1174 1888 1285 1968 potest
1306 1884 1341 1947 in
1364 1881 1600 1948 dubitationem
1622 1878 1730 1944 vocari

391 1992 470 2076 quin
492 1994 669 2074 praeeunte
691 1986 883 2053 Detlefseno
892 1986 921 2074 ¹)
951 1988 991 2053 de
1014 1988 1161 2073 Augusti
1188 1990 1355 2055 laterculis
1378 1990 1411 2054 in
1433 1990 1619 2055 universum
1642 1992 1729 2052 recte

391 2095 585 2163 iudicaverit
608 2092 693 2161 Otto
716 2092 869 2180 eunom),
902 2095 959 2179 qui
988 2095 1117 2161 tabulas
1148 2098 1309 2162 censorias
1333 2098 1379 2161 eis
1402 2096 1533 2162 subesse
1555 2095 1729 2163 existimat.

391 2222 590 2286 quamquam
613 2200 757 2285 scrupuli
780 2200 912 2284 quidam
934 2207 1069 2284 restant,
1100 2204 1156 2287 qui
1178 2203 1284 2269 idonei
1308 2205 1367 2269 visi
1390 2209 1467 2269 sunt
1489 2200 1727 2286 Schweder08),

391 2314 431 2374 ut
461 2294 565 2373 totam
595 2306 778 2373 Detlefseni
807 2310 1120 2391 argumentationem
1149 2331 1171 2374 a
1201 2307 1337 2376 Ountuio
1364 2310 1535 2395 probatam
1558 2313 1728 2377 everteret.

392 2415 602 2498 quamobrem
625 2414 766 2499 quidde
790 2415 837 2480 eis
860 2415 1053 2483 censendum
1077 2417 1129 2498 sit,
1153 2417 1356 2501 inquiramus
1378 2437 1508 2483 necesse
1532 2422 1590 2481 est.

499 2523 717 2589 Mommsenus
734 2524 819 2589 enim
836 2545 911 2590 curn
926 2523 966 2590 de
982 2524 1115 2589 coloniis
1126 2525 1374 2609 italicis'ageret
1381 2525 1421 2611 ⁴),
1436 2524 1470 2589 in
1481 2522 1568 2589 Plini
1581 2520 1728 2605 catalogo

391 2630 585 2715 oppidorum
608 2652 691 2716 quae
714 2629 756 2697 ad
780 2630 799 2696 Ι
821 2632 986 2715 regionem
1008 2633 1184 2716 pertinent,
1216 2640 1344 2698 exstare
1366 2631 1476 2698 docuit
1498 2630 1628 2696 nomina
1650 2649 1731 2713 quo·

389 2737 539 2816 rundam,
556 2758 639 2823 quae
655 2742 713 2803 aut
729 2739 876 2823 Augusti
891 2743 1000 2804 aetate
1016 2759 1085 2804 esse
1100 2738 1259 2805 desissent
1274 2744 1332 2804 aut
1346 2759 1523 2821 numquam
1539 2735 1729 2828 oppidorum

390 2844 441 2910 ius
471 2843 695 2913 obtinuissent.
747 2864 846 2930 quam
876 2866 945 2911 rem
976 2866 1175 2930 quamquam
1207 2845 1366 2913 Ountuius
1397 2865 1438 2909 ne
1469 2843 1567 2910 verbo
1599 2841 1729 2928 quidem

391 2952 509 3036 tetigit,
534 2956 644 3017 tamen
667 2970 745 3017 sane
768 2952 866 3037 digua
889 2958 948 3032 est,
974 2973 1058 3036 quae
1081 2953 1255 3038 diligenter
1276 2957 1458 3038 reputetur.
1506 2950 1620 3017 deinde
1639 2947 1729 3016 aliud

391 3064 498 3124 exstat
530 3058 617 3144 quod
649 3059 874 3143 explicationis
904 3059 1032 3126 videtur
1062 3059 1216 3145 indigere.
1262 3060 1296 3125 in
1319 3060 1463 3144 Augusti
1494 3059 1579 3124 enim
1608 3056 1729 3124 tabulis

392 3164 513 3249 oppida
543 3165 721 3231 incolarum
752 3167 880 3232 nomine
909 3172 1023 3234 notata
1050 3167 1150 3234 fuisse
1173 3167 1254 3234 adeo
1276 3172 1364 3233 recte
1388 3163 1546 3233 (lunicius
1569 3164 1729 3248 cognovit,

390 3277 428 3336 ut
449 3272 556 3356 ipsum
582 3267 712 3337 ἐθνικὸν
735 3275 927 3358 Augusteae
954 3275 1086 3358 originis
1108 3275 1264 3340 indicium
1286 3295 1357 3340 esse
1379 3274 1490 3359 possit.
1537 3279 1572 3339 at
1593 3273 1628 3337 iu
1651 3271 1729 3355 ipsis

391 3377 511 3443 eisdem
547 3377 669 3444 tabulis
703 3379 791 3445 haud
824 3401 899 3446 raro
933 3380 1126 3465 oppidorum
1160 3382 1291 3448 nomina
1323 3382 1540 3450 inveniuntur.
1590 3384 1729 3464 putasne

389 3482 533 3552 Plinium
571 3485 614 3551 ad
651 3485 823 3552 arbitrium
861 3486 952 3553 nulla
989 3489 1116 3553 ratione
1154 3494 1351 3554 commotum
1384 3509 1424 3554 ea
1456 3509 1516 3572 pro
1549 3487 1729 3552 incolarum

390 3591 574 3657 nominibus
597 3590 827 3658 substituisse?
859 3613 976 3677 operae
999 3615 1076 3660 sane
1098 3597 1241 3678 pretium
1263 3595 1392 3661 ridetur
1409 3595 1582 3680 inquirere,
1606 3592 1729 3676 siquid

390 3697 526 3762 rationis
548 3698 706 3783 indagare
729 3699 898 3783 possimus.

497 3803 753 3892 Mommsenusl)
782 3805 884 3888 igitur
914 3828 953 3872 eo
983 3808 1175 3893 perducitur
1204 3814 1242 3874 ut
1271 3809 1402 3873 nomina
1423 3806 1513 3872 nuda
1536 3807 1579 3872 ad
1601 3806 1728 3871 litteras

390 3907 517 3991 digesta
548 3911 634 3995 apud
662 3911 855 3996 Augustum
887 3913 1032 3980 extitisse
1064 3915 1271 3999 coloniasque
1301 3919 1334 3980 et
1365 3913 1542 3998 municipia
1569 3933 1598 3978 c.
1621 3911 1663 3981 R.
1695 3913 1729 3977 in

390 4012 509 4090 Italiae
532 4016 748 4103 descriptione
771 4018 926 4086 distincta
948 4041 1012 4086 nou
1034 4019 1134 4086 inisse
1157 4026 1290 4089 statuat.
1336 4025 1372 4086 at
1394 4018 1482 4085 unde
1504 4021 1539 4084 in
1557 4019 1729 4104 provinciis

390 4128 458 4187 tam
481 4122 611 4190 subtilis
635 4123 799 4191 distinctio
822 4127 884 4192 nisi
908 4148 947 4193 ex
969 4127 1115 4212 Augusti
1137 4126 1280 4194 tabulis?
1326 4148 1401 4192 nam
1425 4126 1550 4211 agiu
1566 4125 1729 4209 Hispania

389 4227 498 4295 Plinio
527 4251 587 4315 per
617 4251 651 4298 se
681 4251 780 4298 causa
810 4254 875 4299 ncn
898 4239 970 4300 erat
992 4234 1069 4314 ulla
1104 4235 1192 4320 qnod
1214 4233 1326 4300 Latini
1355 4234 1436 4298 iuris
1459 4241 1493 4300 et
1516 4232 1729 4317 stipendiaria

389 4334 510 4419 oppida
532 4336 695 4417 eximeret,
718 4343 893 4422 propterea
921 4339 1007 4422 quod
1030 4341 1199 4406 universae
1222 4339 1403 4425 Hispaniae
1425 4338 1647 4424 Vespasiauus
1670 4340 1729 4405 im·
1755 4367 1758 4370 ⁴

390 4450 522 4527 perator
537 4441 711 4526 Augustus
726 4441 859 4510 Latium
879 4445 1041 4512 tribuerat
1055 4445 1156 4533 (Plin.
1174 4450 1204 4529 3,
1222 4447 1291 4532 30).
1322 4446 1434 4532 itaque
1452 4451 1540 4513 recte
1555 4467 1576 4511 a
1591 4443 1729 4512 Ountzio

389 4546 470 4612 iuris
502 4546 724 4614 distinctiones
755 4547 798 4614 ad
824 4549 998 4616 laterculos
1022 4550 1169 4635 Augusti
1193 4551 1314 4618 relatas
1337 4572 1407 4618 esse
1428 4552 1546 4621 iudico.
1592 4560 1629 4620 at
1651 4574 1729 4639 quo·

500 4776 521 4846 ¹)
540 4781 686 4832 comment.
706 4777 867 4834 Mommsen.
887 4779 958 4836 1877
977 4797 1004 4850 p.
1023 4780 1058 4836 30
1065 4796 1105 4849 sq.

497 4863 520 4931 ⁹)
538 4863 557 4917 l.
576 4864 595 4918 l.
615 4863 650 4918 cf.
670 4883 696 4934 p.
718 4866 751 4920 16
770 4865 833 4920 adn.
852 4866 877 4923 2.

498 4950 521 5020 ⁸)
539 4950 628 5008 Beier.
647 4951 784 5010 1111883
803 4972 830 5024 p.
850 4957 912 5024 deq.

498 5041 520 5108 ⁴)
539 5040 656 5096 Hermes
675 5041 709 5097 18
729 5043 823 5115 (1883)
842 5061 869 5113 p.
890 5045 1039 5101 161-213.

498 5128 519 5200 ⁶)
538 5128 555 5186 l.
575 5130 593 5185 l.
611 5146 639 5198 p.
658 5131 720 5187 204.
