4275 6025
973 675 1185 774 „eu

409 886 588 972 periegesin
619 885 769 968 pertinet,
803 883 861 951 sed
890 884 933 950 ab
966 905 1004 950 8ο
1034 892 1166 951 auctore
1196 889 1328 969 sumpta
1355 891 1413 966 est,
1443 885 1500 969 qui
1523 883 1686 950 contrario
1709 905 1749 950 ac

410 992 538 1059 Plinius
560 990 672 1057 ordine
694 1013 785 1057 oram
808 991 897 1076 legit,
922 992 941 1056 i.
965 991 1006 1057 ab
1028 990 1169 1057 Isidoro.

522 1098 588 1164 iam
620 1096 694 1163 finis
724 1097 836 1164 Ioniae
861 1101 974 1175 5,119
1002 1097 1153 1163 Ρ688888
1182 1098 1399 1163 constituitur.
1430 1096 1472 1163 cf.
1503 1097 1603 1162 etiam
1634 1100 1744 1180 5,121

411 1205 455 1269 ibi
488 1228 509 1267 8
540 1203 679 1267 Phocaea
709 1224 777 1287 eqs.
832 1225 853 1268 8
887 1225 953 1287 qua
986 1204 1264 1270 disterminatione
1299 1205 1463 1270 receditur
1497 1208 1626 1285 5,121.
1672 1222 1749 1267 nam

411 1309 551 1377 Temnos
582 1310 696 1393 utique
726 1310 768 1375 ad
791 1309 919 1375 Ioniam
950 1311 1101 1394 pertinet.
1148 1308 1249 1395 quid?
1282 1309 1370 1395 quod
1391 1311 1425 1376 iu
1450 1311 1608 1396 periegesi
1622 1309 1750 1394 fuisse

413 1416 544 1483 dicitur:
576 1419 690 1500 5,119
716 1415 780 1502 suit
809 1418 842 1480 in
864 1439 913 1480 ore
936 1418 997 1481 eius
1019 1420 1165 1502 oppidum
1193 1417 1329 1490 Teneor,
1353 1421 1465 1496 5,121
1490 1418 1575 1482 inter
1603 1437 1642 1482 ea
1665 1436 1749 1481 com·

412 1527 612 1588 memoratur
642 1540 726 1604 quae
758 1520 857 1586 etiem
882 1542 967 1586 nuuc
988 1520 1116 1587 florent.
1162 1520 1289 1586 accedit
1312 1522 1400 1605 quod
1422 1521 1573 1609 Posidea,
1602 1522 1750 1604 quamvis

413 1627 454 1694 de
485 1629 551 1693 situ
582 1627 652 1694 eius
684 1627 731 1692 nil
761 1633 960 1711 compertum
989 1626 1138 1708 habeam,
1169 1629 1241 1713 ipsa
1271 1626 1376 1693 forma
1398 1629 1546 1696 Ionicam
1572 1627 1749 1693 dialectum

413 1735 530 1820 prodit.
583 1739 655 1800 tum
686 1732 806 1818 oppida
832 1754 915 1818 quae
943 1733 1030 1799 intus
1061 1755 1132 1800 esse
1160 1734 1320 1814 dicuntur,
1355 1736 1520 1801 contrario
1542 1735 1655 1800 ordine
1677 1756 1751 1818 per-

414 1848 600 1908 censentur:
624 1842 763 1916 Accusas
780 1889 787 1903 .
807 1892 814 1907 .
835 1838 1021 1906 ,Neoutichos
1048 1841 1179 1905 Temnos.
1224 1840 1364 1924 denique
1379 1842 1506 1926 Myrina
1522 1864 1599 1926 quoe
1613 1839 1752 1906 Sebasto-

409 1949 508 2033 polim
530 1970 559 2011 88
580 1959 663 2012 uocat
685 1953 762 2012 aute
778 1945 967 2031 Augustum
989 1947 1087 2012 scribi
1102 1969 1166 2013 uon
1181 1948 1298 2030 potuit.
1345 1948 1456 2033 itaquo
1471 1948 1752 2014 contaminationis

414 2055 550 2138 vestigia
583 2053 798 2137 apertissima.
853 2054 994 2119 alterum
1032 2060 1143 2119 autem
1179 2061 1345 2120 auctorem
1379 2077 1453 2121 cnm
1487 2055 1614 2122 diverso
1643 2062 1752 2121 tractu

415 2161 608 2246 processisse
630 2160 788 2242 videatur,
812 2159 973 2226 Isidorum
996 2181 1065 2226 esse
1088 2182 1151 2226 non
1174 2160 1243 2226 sine
1265 2160 1495 2245 probabilitate
1518 2163 1681 2228 statuitur.

527 2269 690 2351 5,121sq.
715 2267 748 2330 18
771 2268 843 2351 ipsa
858 2267 1015 2332 Aeolidos
1033 2267 1247 2351 descriptione
1270 2265 1504 2352 discrepantias
1520 2267 1677 2354 quasdam
1699 2271 1750 2335 in-

415 2375 533 2442 venias.
578 2396 653 2440 nam
677 2379 711 2439 et
734 2394 810 2439 orae
831 2373 1003 2457 descriptio
1018 2372 1107 2439 ultra
1121 2375 1380 2457 promunturium
1395 2374 1533 2441 Lectum
1548 2377 1749 2460 producitur,

418 2503 482 2567 quo
506 2482 620 2547 Aeolis
642 2503 663 2546 a
681 2479 809 2546 Troade
833 2482 1009 2546 secuudum
1031 2481 1209 2565 periegesin
1225 2481 1529 2548 disterminatur-
1544 2504 1620 2548 uam
1634 2481 1753 2549 Larisa

417 2592 473 2658 illa
502 2591 607 2656 altera
637 2591 746 2666 5,123
779 2593 813 2652 st
834 2587 1033 2653 Zmiutbium
1058 2587 1214 2670 templum
1238 2593 1332 2654 extra
1353 2587 1491 2654 Aeolida
1513 2589 1576 2654 8118
1598 2596 1674 2654 sunt
1695 2629 1752 2663 -,

417 2719 476 2765 neo
510 2694 700 2781 oppidorum
739 2714 824 2779 quae
861 2695 1053 2760 intercidere
1091 2694 1190 2760 series
1226 2694 1315 2760 intra
1348 2693 1490 2760 Aeolida
1527 2717 1562 2760 se
1600 2695 1752 2762 continet.

417 2803 589 2870 Neandros
599 2801 623 2884 ¹)
655 2801 740 2865 enim
763 2801 898 2882 (5122)
930 2806 963 2864 81
985 2797 1207 2883 Palaescepsis
1233 2799 1321 2864 band
1344 2798 1440 2864 dubie
1462 2801 1497 2865 in
1519 2798 1648 2866 Troade
1670 2801 1754 2866 sitae

419 2916 504 2977 snut.
551 2905 712 2990 Gergitha
734 2926 811 2971 sane
825 2904 915 2992 κώμη
931 2905 1091 2991 quaedam
1106 2927 1207 2990 prope
1223 2905 1311 2972 Caici
1325 2905 1432 2972 fontes
1447 2905 1510 2972 init
1525 2906 1646 2994 (Strab.
1663 2909 1752 2990 616).

419 3017 475 3083 sed
498 3015 651 3101 oppidum
675 3014 762 3098 quod
785 3011 929 3079 dirutum
953 3020 1002 3079 est
1024 3014 1131 3097 ipsum
1154 3014 1189 3079 in
1204 3011 1331 3079 Troade
1355 3015 1454 3079 situm
1470 3021 1554 3080 erat:
1579 3015 1621 3080 ab
1637 3015 1754 3081 Attalo

419 3125 543 3190 incolae
570 3124 604 3187 iu
632 3120 723 3187 illum
750 3121 857 3186 vicum
884 3120 1052 3185 translati:
1077 3119 1186 3188 Strab.
1210 3121 1231 3188 l.
1256 3119 1537 3205 11γγύςόὲτῶν
1559 3122 1671 3208 πηγῶν
1695 3122 1754 3206 (88.

420 3230 525 3316 (laici)
539 3227 626 3314 κώμη
650 3224 789 3313 Γέργιθα
813 3223 908 3299 ἔστιν,
932 3224 978 3303 εἰς
1000 3223 1037 3313 ἣν
1058 3224 1230 3310 μετῴκισεν
1244 3224 1402 3304 Ἄτταλος
1420 3227 1494 3304 τούς
1513 3224 1545 3291 ἒν
1567 3230 1607 3312 τῇ
1630 3226 1755 3314 Τρῳάδι

420 3336 457 3403 τὸ
484 3338 598 3419 χωρίον
628 3330 741 3413 ἐξελών
749 3332 787 3419 ²).
832 3332 874 3397 de
906 3331 1069 3416 Gergitha
1098 3334 1200 3416 igitur
1229 3334 1302 3419 quis
1333 3335 1486 3400 haeserit:
1519 3334 1691 3404 Neandros
1722 3341 1756 3399 et

400 3442 642 3525 ¹Palaescepsis
665 3440 743 3525 quin
766 3452 830 3505 n'ou
853 3440 895 3504 ad
919 3439 1059 3505 Aeolida
1082 3441 1274 3524 pertineant,
1298 3462 1363 3507 non
1385 3440 1520 3507 dubium
1543 3447 1601 3508 est.

533 3547 607 3613 dein
630 3545 790 3632 duplicem
814 3546 934 3613 fontem
957 3548 991 3611 in
1005 3546 1131 3612 Troade
1154 3568 1282 3631 quoque
1304 3567 1454 3631 agnosco.
1500 3569 1576 3613 nam
1596 3547 1756 3632 quomodo

421 3654 518 3721 aliter
548 3654 753 3739 explicemus,
786 3651 873 3736 quod
903 3651 983 3718 duos
1014 3651 1129 3719 fluvios
1160 3652 1284 3718 Plinius
1318 3652 1418 3718 habet
1451 3652 1686 3720 Scamandrum
1723 3659 1757 3719 et

421 3761 594 3829 Xanthum
618 3758 752 3842 51246
797 3780 856 3825 neo
886 3760 993 3825 minus
1023 3765 1137 3844 aperta
1167 3760 1318 3844 repetitio
1348 3764 1535 3838 8815125
1564 3761 1620 3826 851
1644 3760 1757 3826 eadem

421 3876 511 3935 terra
526 3888 610 3952 qnae
626 3870 731 3948 5,121
749 3864 856 3950 Mysia
875 3865 1003 3946 dicitur,
1019 3864 1222 3932 Teuthrania
1243 3872 1464 3951 nuncupatur:
1481 3871 1587 3945 5,121
1606 3889 1642 3931 ec
1656 3867 1758 3951 Myris

423 3976 538 4039 8881888
561 3972 669 4039 Caicus
698 3974 812 4035 omum:
834 3974 943 4052 5,125
966 3972 1010 4035 ibi
1042 3976 1099 4054 (so.
1131 3972 1166 4036 in
1188 3970 1404 4058 Teuthrania)
1432 3970 1538 4037 Caicus
1566 3975 1665 4036 omnis
1695 3974 1758 4036 iam

423 4083 518 4145 618188
547 4082 651 4145 olims.
705 4100 744 4145 ao
774 4100 815 4144 ue
837 4076 1030 4163 oppidorum
1053 4079 1185 4162 quidem
1208 4079 1307 4145 series
1330 4083 1439 4160 5,126
1462 4101 1536 4144 cum
1558 4080 1759 4165 periegeseos

424 4185 580 4252 divisione
609 4185 766 4252 convenit.
824 4204 900 4248 nam
933 4182 1066 4249 Pionias
1098 4189 1132 4249 et
1161 4184 1328 4251 Auderem
1359 4186 1400 4251 ab
1431 4185 1495 4251 Ida
1524 4187 1759 4270 septentriones

423 4313 534 4359 versus
564 4293 645 4357 sitas
675 4312 744 4357 esse
766 4288 977 4376 Thraemer⁸l
1000 4290 1040 4357 cl.
1065 4289 1175 4359 Strab.
1200 4293 1266 4361 610
1295 4296 1383 4357 reots
1413 4294 1538 4359 statuit.
1593 4290 1759 4359 Conisium

425 4403 534 4465 antem
558 4398 651 4463 iuxta
672 4397 804 4463 Pionias
827 4396 998 4463 Hierocles
1020 4418 1052 4480 p.
1068 4397 1133 4467 663
1157 4403 1399 4476 commemorat;
1421 4398 1544 4465 Balcsn
1566 4420 1667 4483 prope
1681 4398 1761 4465 Pro-

426 4503 592 4591 pontidem
608 4505 703 4569 sitam
720 4503 818 4569 luisse
834 4500 947 4588 Steph.
963 4501 1044 4587 Bya.
1060 4524 1086 4571 s.
1102 4525 1132 4570 v.
1148 4500 1294 4567 Βάλκεια
1309 4504 1422 4570 tradit.
1456 4504 1761 4570 contaminationem

425 4611 527 4696 igitur
557 4611 611 4677 hio
642 4630 772 4694 qnoque
803 4608 925 4677 iactam
957 4630 1026 4675 esse
1048 4610 1083 4674 in
1109 4608 1283 4693 propatulo
1306 4615 1365 4678 est.
1412 4631 1451 4676 ac
1477 4609 1616 4676 feliciter
1643 4608 1763 4675 accidit

426 4780 639 4791 n———-——-

536 4874 559 4943 ¹)
576 4874 612 4928 cf.
632 4871 721 4929 Strab.
741 4872 801 4928 606.

536 4964 557 5033 ²)
577 4962 612 5019 ci.
630 4961 684 5019 Ed.
702 4960 860 5032 Thrasmer,
879 4961 1027 5034 Pergamon
1046 4962 1116 5018 1888
1135 4980 1161 5031 p.
1182 4961 1242 5016 199.

537 5052 557 5119 ⁵)
576 5051 595 5106 l.
613 5051 632 5107 l.
650 5069 678 5120 p.
697 5050 758 5107 197.
