4275 6025
1024 711 1065 775 75

482 922 580 1001 atquc
607 917 687 983 haec
718 918 851 1002 quidem
883 920 925 985 ad
957 920 1100 1005 singulas
1130 943 1182 988 res
1213 924 1387 1008 pertinent.
1444 927 1603 1010 generalis
1636 948 1712 995 vero

373 1024 537 1106 quaedam
554 1024 724 1089 diversitas
741 1026 885 1091 cernitur
899 1026 933 1091 in
950 1027 1164 1113 descriptione
1179 1030 1369 1115 insularum,
1391 1032 1433 1098 de
1448 1055 1514 1118 qua
1528 1036 1712 1103 accuratius

376 1139 422 1196 est
444 1131 684 1215 inquirendum.

482 1236 721 1305 Varronianam
738 1239 889 1325 Europae
912 1241 946 1306 in
969 1248 1125 1325 quattuor
1147 1244 1237 1310 sinus
1261 1245 1450 1313 divisionem
1464 1244 1711 1315 fundamentum

373 1366 445 1411 esse
456 1345 658 1429 periegeseos
669 1345 840 1413 Plinianae
852 1352 974 1413 certum
987 1354 1038 1415 est
1046 1348 1081 1432 ¹).
1117 1349 1160 1415 ad
1172 1351 1308 1417 eandem
1322 1351 1444 1418 insulas
1459 1354 1712 1423 accommodavit

371 1455 489 1515 auctor
511 1452 557 1517 ita
580 1457 618 1517 ut
640 1453 713 1517 sinu
745 1453 855 1538 aliquo
886 1460 1017 1539 peracto
1049 1458 1210 1540 gregatim
1242 1478 1325 1542 quae
1356 1458 1390 1522 in
1423 1479 1461 1523 eo
1492 1459 1713 1528 invenirentur

374 1556 511 1634 insulae,
536 1565 711 1641 exponeret
734 1579 854 1642 easque
876 1559 1083 1627 describeret.
1128 1568 1240 1628 utrum
1263 1584 1340 1629 vero
1369 1563 1432 1630 hoc
1452 1566 1638 1632 institutum
1669 1567 1712 1633 ad

372 1662 495 1728 iontem
518 1663 722 1730 referendum
745 1666 788 1731 sit
811 1687 853 1731 an
875 1666 909 1731 in
937 1686 975 1733 eo
1004 1667 1131 1733 insulae
1163 1688 1229 1733 una
1260 1690 1333 1736 cum
1364 1670 1523 1755 periegesi
1553 1677 1712 1739 tractatae

370 1768 503 1851 fuerint,
529 1770 705 1853 quaeritur.

480 1876 592 1960 itaque
636 1875 692 1941 ubi
737 1876 779 1941 ad
817 1876 952 1959 Locros,
1001 1899 1065 1962 quo
1111 1880 1229 1963 oppido
1266 1881 1391 1964 primus
1429 1880 1584 1966 Europae
1621 1885 1709 1953 sinus

371 1981 558 2064 includitur,
583 1987 770 2067 perventum
798 1990 857 2067 eet,
889 1984 966 2049 inde
996 2006 1016 2051 a
1046 1989 1076 2063 3,
1091 1988 1133 2055 76
1164 1984 1205 2051 de
1235 1987 1305 2053 eius
1334 1988 1449 2054 insulis
1483 1990 1602 2073 agitur,
1637 1991 1711 2057 dein

370 2087 479 2153 fronte
503 2088 621 2154 Italiae
643 2094 786 2155 tractata
808 2092 838 2170 3,
852 2092 906 2159 95.
931 2093 973 2161 96
996 2092 1121 2159 insulae
1142 2098 1219 2158 ante
1241 2114 1313 2160 eam
1337 2095 1521 2178 collocatae,
1546 2100 1709 2184 3,151eq.

374 2194 499 2259 insulae
522 2196 654 2261 alterius
678 2197 767 2262 sinus
790 2196 1009 2279 absolvuntur,
1034 2204 1104 2265 tum
1120 2200 1196 2265 inde
1211 2220 1232 2265 a
1246 2206 1277 2279 4,
1291 2205 1335 2271 52
1350 2203 1440 2267 tertii
1455 2204 1554 2283 sinus,
1572 2203 1711 2289 denique

373 2305 406 2381 4,
420 2302 474 2370 92.
497 2304 539 2371 93
563 2304 682 2387 quarti.
729 2304 876 2388 quaestio
901 2306 1003 2389 igitur
1030 2306 1151 2383 existit,
1180 2328 1259 2372 num
1286 2308 1372 2373 hunc
1398 2309 1543 2375 ordinem
1574 2331 1593 2375 e
1622 2309 1711 2377 fonte

372 2409 556 2491 sumpserit.
602 2409 636 2474 id
660 2409 745 2494 quod
769 2410 849 2476 mihi
872 2412 1002 2477 minime
1029 2413 1204 2478 verisimile
1232 2419 1290 2480 est.
1338 2420 1467 2480 exstant
1493 2416 1580 2483 enim
1607 2417 1712 2485 multa

370 2512 503 2597 indicia,
527 2515 645 2599 quibus
667 2516 754 2601 apud
777 2523 942 2584 auctorem
965 2517 1054 2584 Plini
1082 2518 1205 2585 insulas
1236 2540 1303 2586 una
1335 2541 1409 2588 cum
1441 2541 1498 2587 ora
1530 2521 1711 2608 descriptas

371 2619 474 2688 fuisse
496 2623 733 2708 comprobatur.
779 2624 843 2691 huc
864 2626 1029 2710 pertinent
1050 2626 1115 2691 loci
1136 2626 1263 2711 quales:
1278 2630 1343 2708 3,7
1366 2627 1436 2690 litua
1457 2625 1585 2693 Curense
1603 2627 1711 2710 insieco

368 2730 449 2803 eiam
485 2731 568 2792 caius
598 2753 634 2794 aa
661 2732 783 2796 adrem
814 2730 911 2796 Gadis
936 2733 1012 2796 iuter
1041 2733 1156 2796 inertius
1186 2732 1344 2817 dicenda&
1380 2734 1431 2801 vel
1454 2738 1541 2817 3,18
1571 2736 1711 2799 accedunt

371 2836 485 2900 ismae
508 2858 636 2922 quorum
659 2840 802 2902 macione
825 2840 951 2924 reposita
975 2859 1041 2923 eqo.
1056 2838 1174 2904 deinde
1197 2841 1228 2918 3,
1242 2844 1285 2909 57
1308 2841 1439 2905 Antium
1462 2841 1577 2904 miseria
1592 2840 1711 2905 Astura

365 2941 487 3028 flumen
509 2953 537 3006 et
557 2944 654 3006 insola
677 2944 709 3009 in
732 2944 890 3028 periegesi
911 2946 1042 3030 legitur:
1067 2947 1227 3031 repetitur
1250 2945 1335 3013 idem
1358 2945 1435 3027 iere,
1459 2947 1518 3014 ubi
1540 2946 1582 3014 de
1595 2948 1710 3015 insulis

371 3051 480 3134 agitur
503 3055 535 3134 3,
547 3055 589 3121 81
613 3053 646 3114 io
669 3052 804 3118 Antiano
826 3053 862 3138 (i.
886 3058 979 3138 agro)
1004 3054 1128 3117 Acerra

480 3158 560 3242 quid
582 3159 670 3243 quod
693 3162 780 3239 3‚76
802 3159 959 3226 adhaeret
981 3158 1107 3244 aliquid
1129 3159 1309 3226 insularum
1333 3158 1541 3245 descriptioni
1564 3161 1652 3245 quod
1667 3160 1709 3226 ab

368 3264 465 3330 initio
487 3265 530 3331 ad
552 3267 732 3350 periegesin
755 3267 911 3351 pertinet:
940 3267 1049 3330 abacia
1070 3267 1255 3354 (Pityusae)
1282 3267 1320 3329 ab
1342 3265 1462 3332 Dianio
1483 3265 1576 3332 DCC
1599 3270 1708 3342 ειαάἁι,

369 3373 491 3434 totidem
505 3370 658 3436 Dianium
675 3394 736 3459 per
758 3375 947 3438 wntiaeatem
971 3397 991 3436 a
1018 3370 1199 3458 Corticapine
1221 3395 1306 3438 acca.
1351 3373 1507 3441 aDianio
1529 3375 1630 3459 igitur
1651 3395 1710 3441 ora

369 3477 487 3544 relicta
508 3485 622 3544 auctor
643 3478 732 3545 Plini
755 3480 797 3544 ad
820 3478 942 3545 insulas
963 3478 1152 3546 tractandas
1174 3479 1338 3563 digressus
1361 3484 1420 3558 est,
1447 3484 1486 3544 ut
1507 3500 1573 3545 uno
1594 3478 1708 3546 dever-

370 3585 471 3650 ticulo
495 3607 549 3652 eas
571 3584 761 3654 absolveret.
808 3587 883 3653 hinc
906 3591 1044 3671 apparet
1066 3607 1124 3652 cur
1147 3586 1323 3652 Belcarum
1349 3606 1371 3651 a
1392 3585 1546 3670 Pityusis,
1574 3607 1638 3653 nou
1667 3587 1707 3652 ab

369 3711 430 3757 ora
460 3691 666 3759 intervallum
696 3699 917 3778 computatum
948 3694 1000 3760 sit.
1047 3693 1233 3760 adnectitur
1263 3694 1363 3759 etiam
1391 3690 1587 3759 Colubraria
1617 3693 1708 3758 cuins

371 3799 469 3864 ritum
498 3837 540 3847 —
569 3798 744 3866 Sucronem
771 3822 883 3867 versus
906 3839 950 3849 —
978 3822 1035 3866 cur
1062 3822 1083 3866 a
1108 3799 1262 3885 Pityuaia
1290 3821 1388 3885 quam
1415 3799 1458 3864 ab
1485 3819 1543 3865 ora
1570 3799 1709 3863 circum·

371 3905 513 3971 scribere
539 3905 666 3972 Plinius
694 3907 855 3987 maluerit,
884 3928 950 3974 non
977 3906 1188 3990 intellegitur,
1217 3906 1420 3991 intellegitur
1445 3910 1611 3971 auctorem
1639 3905 1708 3970 eins

368 4032 412 4076 ne
436 4033 511 4079 orac
533 4013 708 4098 descriptio
732 4015 858 4099 saepius
880 4015 1183 4098 interrumperetur,
1207 4014 1374 4079 universas
1397 4013 1466 4078 eius
1489 4031 1566 4078 orae
1584 4010 1707 4076 insulas

370 4118 467 4184 simul
489 4121 687 4191 tractavisse.

478 4225 576 4291 etiam
603 4227 637 4292 in
664 4225 783 4293 Italiae
814 4227 929 4294 insulis
961 4225 1182 4293 describendis
1213 4224 1302 4291 haud
1335 4244 1411 4291 raro
1445 4245 1504 4290 ora
1536 4222 1708 4308 respicitur

368 4337 471 4416 atque
489 4332 537 4397 ita
558 4338 598 4398 ut
619 4335 800 4419 complures
821 4355 887 4401 una
909 4333 1106 4418 digressione
1128 4332 1250 4399 absolvi
1272 4337 1440 4418 appareat,
1465 4332 1551 4398 sicut
1574 4334 1605 4409 3,
1619 4332 1663 4399 80
1686 4351 1707 4396 a

370 4435 476 4508 Vadis
499 4437 726 4507 Volaterranis
748 4439 791 4506 ad
814 4439 980 4507 Corsicam
1004 4446 1160 4524 evagatur
1180 4439 1323 4517 Plinius3
1346 4438 1464 4504 deiude
1486 4437 1708 4522 adiunguntur

369 4544 454 4614 aliae
475 4543 616 4611 insulae:
644 4548 720 4609 citro
745 4557 787 4610 est
811 4545 936 4630 Opaca,
963 4546 1045 4610 intro
1070 4567 1139 4610 vcro
1167 4556 1196 4611 et
1217 4536 1297 4608 IX
1306 4569 1342 4632 p.
1364 4567 1385 4606 a
1407 4542 1526 4609 araia
1549 4543 1706 4609 Puncta,

478 4652 542 4717 iam
569 4653 703 4718 Pontias
728 4653 900 4720 adversum
925 4653 1077 4720 Formiae
1108 4652 1188 4717 sitas
1219 4671 1289 4716 esee
1324 4671 1384 4734 per
1418 4671 1453 4716 ee
1484 4671 1601 4736 parurn
1630 4655 1708 4733 apte

366 4755 498 4824 dicitur.
537 4755 730 4824 Pontianum
745 4763 857 4825 autem
870 4759 999 4825 nomine
1014 4765 1082 4825 tres
1098 4757 1222 4824 insulae
1235 4756 1567 4841 comprehenduntur:
1587 4755 1707 4822 Pontia

368 4874 583 4884 ———

479 4915 489 4948 1

479 4917 503 5076 'i
519 4915 791 5076 iiapuoira'diceadae
803 5010 834 5062 ut
847 5007 930 5078 vulgo
948 5005 1042 5075 edunt,
1060 5021 1125 5059 cnm
1137 5005 1165 5058 A
1181 5003 1358 5059 scribendum
1370 5018 1430 5058 ease
1440 5005 1557 5072 apparet
1569 5002 1604 5056 cl.
1617 5002 1642 5072 t,
1653 5003 1705 5058 119

371 5091 463 5150 Gadis
480 5093 560 5166 lorsqu
581 5111 636 5163 eqs.
