4275 6025
1025 749 1089 812 163

950 838 1161 846 -ι--α-

391 960 537 1027 dubium.
584 959 740 1025 laudatur
761 959 846 1024 enim
868 958 962 1023 initio
993 958 1061 1023 eius
1089 956 1192 1041 partis
1216 955 1379 1021 Domitius
1403 955 1555 1039 Corbulo,
1587 957 1645 1022 sed
1674 958 1722 1024 ita

390 1076 426 1132 ut
448 1074 579 1132 auctore
602 1064 752 1132 Muciano
779 1064 973 1148 corrigatur.
1018 1063 1103 1128 unde
1135 1063 1200 1128 iam
1232 1083 1332 1146 supra
1357 1085 1389 1146 p.
1414 1065 1456 1132 25
1480 1085 1553 1129 cum
1577 1061 1722 1130 Brunnio

389 1171 577 1237 Mucianum
605 1169 659 1235 hic
688 1168 869 1235 adhibitum
900 1189 970 1234 esse
1000 1167 1214 1234 conclusimus
1225 1166 1262 1252 ¹).
1308 1188 1393 1250 qnae
1423 1169 1583 1234 sententia
1614 1190 1722 1234 errore

390 1277 531 1360 quodam
560 1276 689 1342 videtur
718 1274 944 1342 commendari.
990 1295 1067 1338 nam
1101 1272 1294 1357 Euphraten
1324 1273 1403 1338 oriri
1435 1295 1535 1358 supra
1556 1275 1721 1342 Zimaram

390 1374 470 1449 ΧΠ
490 1405 522 1467 p.
546 1391 661 1448 contra
681 1382 843 1448 rationem
865 1382 990 1467 dictum
1013 1386 1072 1445 est.
1119 1391 1219 1463 atque
1241 1379 1275 1444 in
1297 1380 1451 1462 proximis
1474 1403 1550 1446 sane
1565 1383 1721 1449 mensuris

389 1500 478 1558 recte
499 1491 623 1556 numeri
645 1490 825 1575 procedunt
852 1488 896 1554 ad
927 1488 1017 1554 milia
1047 1487 1182 1553 redacti.
1229 1488 1377 1570 seqnitur
1407 1493 1515 1553 autem
1547 1493 1576 1568 5,
1590 1491 1632 1557 85
1656 1489 1722 1554 alia

388 1597 542 1664 metiendi
563 1598 664 1664 ratio:
696 1597 859 1660 trisetmm
881 1618 1031 1660 mensure.
1077 1594 1164 1660 unde
1187 1594 1324 1660 fortasse
1346 1593 1497 1660 Muciano
1520 1585 1673 1678 pro‘X'I‘I
1689 1619 1721 1681 p.

389 1703 467 1769 XII
490 1707 635 1784 σχοίνους
657 1703 863 1769 scribendum
888 1702 988 1768 fuisse
1019 1702 1202 1768 conieceris.
1249 1701 1363 1784 quales
1393 1723 1518 1768 errores
1548 1702 1604 1768 ille
1634 1703 1721 1770 haud

389 1812 486 1877 semel
509 1813 677 1892 commisit,
707 1810 748 1877 cf.
772 1815 803 1892 4,
818 1811 859 1878 67
883 1809 940 1874 uhi
961 1799 1065 1874 CBK
1081 1831 1112 1892 p.
1135 1829 1194 1892 pro
1220 1810 1283 1876 150
1306 1808 1421 1872 stadiis
1444 1809 1626 1893 scripserat.

500 1916 615 1982 deinde
638 1915 694 1981 ubi
718 1922 748 1994 5,
762 1918 802 1985 91
828 1914 870 1979 ad
897 1935 986 1978 oram
1010 1913 1205 1994 reducimur,
1230 1912 1400 1978 diversitas
1429 1917 1585 1997 quaedam
1611 1919 1722 1984 existit

387 2022 473 2088 inter
506 2022 593 2088 bunc
622 2023 729 2089 locum
760 2028 795 2086 et
818 2024 848 2094 5,
865 2023 919 2090 80.
965 2041 1040 2085 nam
1063 2024 1095 2099 5,
1111 2021 1155 2088 80
1178 2017 1326 2084 Amanus
1349 2018 1387 2081 ab
1409 2017 1498 2104 Syris
1523 2021 1658 2088 Celieiem
1680 2048 1721 2090 se·
1774 2019 1777 2029 ¹

385 2140 491 2215 porat,
522 2151 659 2215 quocum
689 2130 759 2195 loco
781 2129 929 2194 convenit
951 2127 1039 2193 Mela
1064 2134 1093 2208 1,
1111 2129 1165 2197 69.
1210 2133 1246 2192 at
1268 2132 1300 2204 5,
1317 2129 1357 2195 91
1382 2127 1469 2193 inter
1491 2125 1604 2212 Syriae
1625 2128 1720 2197 linem

388 2243 422 2301 et
446 2236 567 2301 Amani
593 2244 704 2320 portas
726 2234 846 2300 flumen
870 2234 1058 2318 Diaphanes
1081 2240 1114 2299 et
1144 2254 1237 2299 mons
1259 2232 1448 2299 Crocodilus
1482 2245 1720 2304 enumerantur.

388 2340 469 2404 haec
490 2341 593 2424 igitur
616 2341 658 2406 ab
681 2341 746 2406 alio
770 2344 902 2406 auctore
926 2346 1057 2422 sumpta
1080 2347 1161 2403 sunt
1209 2339 1490 2405 contaminationis
1522 2347 1629 2407 autem
1660 2344 1721 2410 hoc

388 2467 518 2531 qnoque
540 2446 694 2513 indicium
718 2454 776 2525 est,
802 2446 889 2530 qnod
912 2445 1031 2529 oppida
1059 2444 1192 2510 turbato
1225 2444 1337 2509 ordine
1368 2454 1609 2527 percensentur.
1656 2471 1721 2534 qua

387 2556 421 2619 in
445 2576 480 2620 re
503 2555 734 2621 memoratione
750 2554 883 2636 dignum
902 2551 1040 2633 videtur,
1066 2551 1219 2636 quicquid
1240 2573 1312 2616 cum
1328 2551 1415 2617 Mela
1439 2555 1587 2619 convenit
1601 2554 1718 2639 Plinio,

388 2661 510 2744 optimo
533 2660 644 2726 ordine
667 2682 702 2726 se
725 2661 882 2744 excipere,
911 2667 1005 2725 extra
1026 2658 1171 2724 ordinem
1195 2657 1353 2723 collocata
1385 2680 1455 2724 esse
1485 2660 1719 2744 supplementa.

388 2788 427 2832 ex
450 2768 497 2832 eis
518 2773 628 2832 antem
650 2767 780 2832 ridetur
801 2767 949 2849 cognosci
972 2785 1076 2848 posse,
1106 2785 1217 2828 eorum
1241 2773 1404 2829 auctorem
1427 2766 1589 2829 contrario
1611 2773 1720 2833 tractu

389 2874 582 2957 processisse
608 2895 647 2938 ac
669 2873 822 2941 Plinium.
868 2872 1016 2938 conferas
1039 2892 1173 2955 quaeso:
1209 2869 1319 2955 Cibyra
1334 2920 1342 2937 .
1360 2919 1368 2937 .
1385 2868 1504 2934 Selinus
1527 2872 1652 2936 Arsinoe
1674 2874 1720 2937 Ic

387 2990 463 3066 tope,
488 2987 527 3046 nt
548 2980 661 3063 ignota
683 2986 741 3045 aut
765 2979 864 3045 dubia
886 2983 1098 3065 praeteream.
1138 2977 1193 3044 sed
1217 2977 1257 3043 de
1277 2983 1409 3044 auctore
1425 2979 1720 3063 supplementorum

387 3107 471 3152 nunc
495 3088 626 3170 quidem
648 3089 801 3154 indicium
824 3087 1019 3172 suspendere
1041 3087 1170 3151 cautius
1193 3092 1254 3152 est:
1279 3087 1457 3169 periegesin
1480 3086 1522 3152 ad
1539 3086 1720 3155 Varronem

386 3195 548 3278 pertinere
571 3215 608 3259 eo
633 3217 763 3279 quoque
787 3196 1027 3260 demonstratur
1050 3192 1137 3277 quod
1152 3193 1287 3276 vestigia
1303 3200 1481 3259 cernuntur
1496 3193 1618 3259 formae
1634 3195 1720 3262 illius

387 3299 625 3367 Varronienae:
659 3307 689 3380 5,
704 3308 740 3369 91
774 3300 894 3385 oppida
916 3322 937 3364 a
960 3298 1061 3363 Mallo
1081 3319 1184 3381 usque
1206 3297 1249 3362 ad
1273 3298 1456 3364 Anchialcn
1479 3307 1717 3385 enumerantur,

386 3407 556 3490 postmodo
580 3413 610 3483 5,
624 3410 666 3476 9‘2
691 3429 800 3472 amnes
823 3405 922 3473 Saros
946 3403 1089 3489 Cydnos:
1121 3405 1161 3468 cf.
1187 3409 1284 3470 etiam
1308 3412 1337 3485 5,
1353 3409 1395 3475 93
1427 3407 1480 3469 sed
1506 3410 1539 3470 in
1561 3410 1720 3473 comanente

386 3516 525 3598 oppida
559 3514 711 3598 Mysanda
740 3515 940 3577 Anemurium
966 3511 1186 3599 Geaememl)
1203 3562 1211 3577 .
1229 3560 1237 3577 .
1255 3563 1262 3577 .
1282 3525 1439 3599 praeterea
1461 3517 1541 3577 inme
1556 3514 1719 3600 flumina
1833 3525 1836 3533 '

386 3619 516 3705 Liparis
538 3619 670 3683 Bombos
689 3621 869 3692 Perediam,
892 3641 993 3681 moos
1016 3617 1166 3684 Imbarus.

497 3746 595 3809 porro
619 3732 649 3801 5,
662 3729 705 3795 94
729 3730 855 3809 gentem
878 3724 1059 3789 Isauricum
1083 3724 1126 3788 ab
1149 3724 1298 3790 omnibus
1314 3724 1493 3803 neglectam
1509 3748 1577 3792 esse
1592 3726 1719 3792 Plinius

386 3832 540 3914 queritur.
586 3832 699 3913 itaque
725 3830 813 3914 apud
844 3837 1010 3895 auctorem
1039 3832 1242 3913 periegeseos
1272 3828 1528 3899 desiderabatur.
1575 3854 1613 3897 ac
1646 3855 1718 3917 pro·

385 3937 471 4004 fecto
496 3937 627 4004 Isauros
650 3959 752 4021 usque
775 3937 818 4002 ad
840 3959 929 4003 oram
952 3958 1015 4001 non
1039 3944 1147 4020 potest
1169 3937 1371 4020 protendere,
1400 3940 1455 4031 qui
1479 3937 1625 4004 Ciliciam
1649 3938 1718 4005 Me·

386 4044 458 4110 lane
480 4043 579 4109 fluvio
601 4043 673 4108 finit
688 4046 734 4128 (5,
748 4046 816 4129 93).
853 4044 1028 4110 hanovere
1045 4043 1233 4109 divisionem
1250 4046 1451 4129 periegeseos
1468 4067 1536 4111 esse
1550 4046 1718 4130 probabile

385 4157 444 4229 est,
468 4170 540 4214 cum
564 4148 684 4233 oppida
706 4171 806 4232 usque
829 4150 872 4214 ad
896 4171 969 4214 eum
992 4171 1118 4215 amnem
1143 4159 1380 4219 enumerentur.
1419 4152 1475 4217 sed
1492 4151 1576 4217 unde
1590 4151 1718 4219 Plinius

384 4255 518 4321 Isauros
539 4254 651 4322 novit?
688 4256 841 4321 nimirum
864 4257 894 4321 ei
916 4256 1086 4321 dicendum
1102 4257 1166 4322 fnit
1181 4255 1329 4323 Ciliciam
1344 4257 1555 4342 Pamphyliae
1576 4258 1717 4325 iunxisse

385 4382 495 4428 omnes
518 4370 649 4447 praeter
679 4383 788 4442 unum,
821 4362 906 4427 unde
936 4363 1005 4447 ipse
1033 4364 1182 4428 notitiam
1205 4364 1375 4447 prompsit.
1422 4365 1474 4429 oui
1504 4385 1578 4429 vero
1611 4367 1717 4448 gentis

384 4467 551 4534 Isauricae
579 4468 775 4534 mentionem
803 4468 927 4548 debeat,
960 4466 1090 4533 odorari
1113 4468 1320 4552 aliquatenus
1343 4468 1422 4533 mihi
1445 4469 1564 4536 videor.
1611 4492 1717 4537 recen·

385 4575 500 4639 tiorem
523 4576 609 4640 enim
632 4575 732 4640 fuisse
756 4596 830 4640 eum
852 4596 950 4659 quam
973 4574 1174 4657 periegeseos
1189 4582 1363 4656 auctorem,
1387 4576 1409 4641 i.
1425 4574 1616 4658 Varronem,
1642 4578 1718 4644 inde

384 4683 581 4765 perspicitur
610 4679 698 4767 quod
729 4679 803 4746 finis
837 4681 883 4745 ibi
916 4680 1074 4764 probatus
1109 4683 1247 4768 comeus
1280 4679 1408 4751 dicitur.
1454 4682 1530 4749 dein
1560 4683 1716 4751 Romanis

384 4786 571 4852 auctoribus
593 4809 652 4853 cnr
676 4788 875 4854 Isauriorum
899 4795 1029 4872 gentem
1060 4809 1124 4853 non
1156 4790 1275 4855 diserte
1304 4797 1599 4872 commemorarent,
1630 4792 1717 4857 iusta

385 4898 457 4957 erat
487 4914 597 4959 causa:
629 4894 779 4959 Romana
808 4894 893 4958 enim
923 4894 1089 4978 provincia
1111 4892 1244 4959 Ciliciae
1266 4894 1491 4980 Pamphyliam
1522 4896 1715 4977 attingebat.

494 5033 515 5100 ¹)
533 5032 570 5087 ad
588 5033 645 5088 eiua
663 5038 782 5088 aetatem
801 5033 994 5103 Claudiopolin
1014 5036 1039 5103 5,
1049 5035 1083 5090 85
1103 5034 1309 5089 accomodatam
1327 5051 1387 5090 ease
1405 5034 1516 5091 adnoto.

493 5122 516 5191 ¹)
534 5120 580 5175 hic
597 5121 701 5192 oppida
718 5139 753 5176 cx
771 5121 873 5176 tabulis
892 5122 1024 5177 censoriis
1042 5123 1207 5179 inseruntur.

1472 5292 1476 5303 ι
1505 5212 1557 5268 11·
