4275 6025
974 715 1037 780 157

339 951 379 995 ea
400 933 469 995 tam
491 927 630 1014 abrupte
659 929 753 994 iuxta
775 927 884 1012 posita
905 932 965 1009 est,
996 924 1107 991 01001
1137 923 1213 990 inde
1235 925 1290 990 alii
1321 925 1446 990 auctori
1469 945 1541 990 eam
1564 923 1675 991 deberi

340 1035 546 1103 concluseris.
591 1035 648 1100 sed
676 1035 742 1100 alic
765 1055 893 1119 quoquc
923 1033 1050 1098 nomine
1080 1032 1122 1098 ab
1153 1033 1279 1116 reliqua
1309 1030 1523 1116 descriptione
1554 1031 1673 1099 differt.

340 1140 446 1226 Libya
461 1142 545 1206 enim
561 1140 717 1207 Mareotis
732 1138 775 1206 ad
791 1140 979 1224 Aegyptum
1004 1138 1146 1204 refertur
1169 1143 1200 1217 5,
1216 1142 1256 1209 19
1273 1137 1327 1203 110.
1366 1159 1449 1222 quae
1465 1138 1632 1223 discriptio
1655 1161 1676 1204 5

341 1247 499 1332 periegesi
520 1247 627 1312 aliena
650 1252 713 1313 est:
744 1245 900 1329 51539.
945 1246 1044 1311 immo
1076 1266 1117 1310 ne
1147 1266 1220 1310 eum
1245 1246 1329 1311 Asia
1360 1245 1488 1329 quidem
1521 1266 1560 1311 ea
1589 1254 1677 1313 terra

342 1354 561 1437 coniungitur.
606 1354 717 1438 itaque
737 1373 904 1420 nemorum
921 1353 1090 1436 catalogus
1113 1351 1155 1417 ad
1178 1359 1344 1418 auctorem
1361 1351 1523 1435 quendam
1538 1352 1677 1419 referen-

343 1459 404 1525 dus
435 1466 494 1539 est,
527 1460 584 1543 qui
607 1460 743 1545 Libyam
766 1458 981 1525 Mareotidcm
1004 1459 1148 1544 Aegypti
1178 1459 1307 1524 nomine
1337 1458 1588 1543 comprehendit,
1620 1467 1678 1525 aut

344 1567 427 1632 Asia
448 1587 551 1651 usque
573 1567 615 1632 ad
638 1565 890 1632 Catabathmum
914 1572 1096 1651 propagata
1122 1571 1181 1631 aut
1204 1566 1356 1650 Aegypto
1383 1564 1418 1629 in
1442 1565 1590 1631 Africam
1622 1567 1678 1631 ad·

344 1675 436 1741 scita.
479 1674 563 1740 illud
597 1673 684 1759 apud
718 1672 825 1739 Melae
858 1681 1024 1738 auctorem
1058 1671 1265 1749 factumest,
1298 1669 1339 1739 cf.
1363 1693 1395 1755 p.
1422 1675 1475 1750 73,
1506 1670 1569 1736 hoc
1590 1672 1678 1756 apud

345 1780 539 1865 Agrippam.
585 1780 641 1845 1110
664 1800 738 1844 vero
762 1776 869 1862 qualis
891 1777 1012 1861 ingenii
1026 1776 1136 1864 fuerit,
1159 1798 1199 1842 ex
1215 1775 1335 1842 fabulis
1351 1777 1391 1842 de
1409 1776 1543 1843 Africae
1565 1777 1678 1842 iuteri-

344 1887 410 1952 oris
450 1888 578 1972 populis
619 1886 780 1952 ermetis
822 1885 1049 1967 exornatisque
1091 1882 1271 1949 luculenter
1312 1890 1458 1968 apparet.
1537 1883 1594 1950 sed
1637 1884 1677 1949 de

346 1991 497 2076 Agrippa
527 1996 659 2056 anctore
690 1991 834 2072 cogitare
865 2011 929 2055 non
959 1989 1034 2054 lieet
1064 1999 1199 2073 propter
1229 2011 1268 2053 ea
1295 2009 1380 2072 quae
1411 1994 1441 2068 5,
1459 1993 1504 2058 50
1531 1996 1677 2057 exstant:

345 2099 394 2160 501
415 2104 511 2182 (pago
531 2096 757 2182 Memphitico)
779 2106 850 2158 eunt
869 2096 1041 2159 contermini
1062 2117 1099 2158 ea
1123 2095 1230 2181 Africa
1253 2097 1313 2159 deo
1338 2093 1467 2163 anitoe.
1513 2099 1593 2163 haec
1615 2120 1678 2164 non

346 2202 585 2286 intelleguntur,
615 2202 673 2267 ubi
696 2200 869 2286 Aegyptus
896 2202 967 2284 ipsa
990 2200 1124 2265 Africae
1147 2200 1318 2269 addicitur.
1366 2219 1405 2266 ex
1436 2202 1539 2268 latino
1569 2209 1678 2268 autem

347 2316 480 2374 auctore
503 2307 776 2372 enumerationem
799 2307 934 2389 petitam
962 2325 1032 2369 esse
1055 2304 1142 2370 haud
1170 2307 1236 2372 scio
1259 2329 1302 2370 an
1324 2313 1412 2372 recte
1439 2309 1569 2373 odorari
1602 2310 1681 2373 mihi

347 2413 459 2479 videar
487 2419 624 2498 propter
653 2411 772 2477 formas
794 2411 956 2474 Ptenetbue
985 2417 1018 2476 et
1040 2411 1206 2495 Ptempbue
1234 2434 1294 2496 pro
1317 2414 1419 2478 nomis
1442 2413 1627 2478 Plrtlreaotae
1650 2421 1683 2478 et

349 2519 584 2604 Plitlreraplrotlr.
635 2539 712 2582 nam
746 2516 874 2582 Plinius
907 2519 975 2601 ipse
1010 2525 1160 2584 externas
1194 2519 1318 2602 formas,
1348 2521 1522 2604 diligenter
1556 2543 1683 2587 servare

349 2625 479 2705 assolet,
504 2627 552 2690 ita
575 2632 613 2691 ut
635 2625 688 2689 vix
710 2624 764 2689 hio
794 2623 863 2689 illic
895 2624 931 2689 in
963 2645 1064 2690 unum
1098 2625 1303 2710 alterumque
1337 2627 1478 2693 codicem
1512 2628 1684 2711 inrepserit

350 2733 453 2797 latina
475 2733 638 2816 scriptura
655 2729 714 2816 prb
736 2750 795 2812 pro
818 2735 873 2815 φθ
882 2729 917 2815 1).

456 2838 606 2904 Romano
623 2839 725 2922 igitur
744 2837 835 2902 illam
859 2839 1133 2904 enumerationem
1148 2838 1355 2903 tribuendam
1378 2860 1448 2905 esse
1463 2839 1585 2905 iudico:
1610 2841 1684 2923 quis

350 2946 401 3030 eit,
426 2967 466 3011 ex
489 2946 700 3031 sequentibus
728 2942 895 3010 efficimus.
941 2966 1016 3010 nam
1039 2951 1072 3025 5,
1089 2951 1187 3031 5lsq.
1223 2945 1263 3011 de
1295 2946 1365 3013 Nili
1399 2948 1523 3031 origine
1557 2947 1685 3013 doctam

351 3056 569 3120 narrationem
582 3053 710 3119 Plinius
733 3052 897 3118 adnexuit.
944 3074 1041 3137 quam
1060 3053 1163 3119 Iubae
1178 3054 1381 3138 potissimum
1397 3055 1591 3121 auctoritate
1615 3054 1684 3135 niti,

352 3161 408 3243 qui
440 3162 628 3227 nominatim
664 3159 822 3239 adfertur,
854 3167 1000 3244 apparet.
1047 3182 1124 3225 nam
1155 3163 1223 3226 eius
1253 3162 1362 3246 opinio
1394 3168 1561 3247 tamquam
1594 3169 1684 3226 certa

351 3266 524 3351 profertur.
571 3274 679 3333 tamen
702 3288 767 3332 non
789 3287 827 3332 eo
850 3267 920 3350 ipso
942 3266 1086 3332 Plinium
1109 3289 1203 3332 usum
1227 3288 1296 3333 esse
1323 3290 1396 3334 oum
1419 3269 1491 3334 aliis
1516 3269 1555 3333 de
1579 3268 1685 3335 causis

352 3394 451 3456 supra
473 3396 506 3457 p.
521 3378 565 3441 44
588 3374 770 3452 statuimus,
796 3379 867 3437 tum
888 3380 1063 3456 propterea
1088 3374 1283 3439 eredendum
1306 3382 1364 3455 est,
1382 3375 1469 3460 quod
1492 3375 1577 3440 male
1600 3376 1686 3440 inter

352 3501 388 3545 se
410 3482 603 3545 conveniunt
626 3486 658 3562 5,
674 3486 713 3548 51
740 3477 833 3541 Nilus
854 3480 972 3541 ieceras
994 3492 1076 3543 ortus
1091 3480 1225 3565 sontibus
1249 3488 1281 3545 et
1304 3483 1448 3565 oripinem
1470 3528 1503 3547 ..
1531 3483 1565 3544 in
1588 3492 1687 3545 morito

352 3586 502 3672 inferioris
525 3586 735 3649 Mauretaniae
757 3608 816 3648 non
836 3585 946 3671 procul
966 3608 1070 3649 oceano
1093 3586 1190 3651 lrabet,
1236 3587 1317 3652 haee
1338 3588 1424 3653 Iuba
1450 3588 1519 3671 ipse
1546 3588 1687 3654 scribere

353 3714 416 3758 nou
439 3693 554 3777 potuit,
586 3695 693 3777 potuit
717 3694 773 3775 qui
797 3694 866 3758 eius
896 3694 1091 3759 sententiam
1122 3695 1259 3759 rettulit.
1308 3693 1418 3759 eadem
1453 3714 1528 3758 vcro
1563 3694 1689 3758 ratione

353 3812 463 3885 partes
486 3800 598 3865 mundi
625 3798 812 3864 dividuntur
840 3820 905 3883 qua
929 3804 960 3883 5,
976 3803 1030 3868 50.
1077 3821 1152 3865 nam
1176 3806 1207 3878 5,
1225 3804 1266 3869 53
1291 3800 1458 3883 leguntur:
1487 3798 1627 3884 Africam
1651 3798 1689 3860 ab

354 3906 514 3993 Aethiopia
522 3904 550 3990 ²)
573 3907 745 3991 disposueris.
792 3904 934 3988 denique
957 3904 1077 3972 Claudi
1098 3908 1269 3991 imperium
1294 3914 1563 3973 commemoratur
1586 3912 1616 3986 5,
1636 3909 1689 3974 58.

355 4044 358 4049 ·
466 4012 584 4097 quibus
618 4011 798 4078 rationibus
831 4013 922 4077 ducti
955 4010 1058 4079 10550
1097 4013 1274 4080 doctrinam
1305 4036 1403 4098 supra
1435 4011 1557 4079 Sebosc
1590 4011 1691 4078 vindi·

355 4123 508 4185 cavimus.
555 4119 607 4184 cui
637 4118 780 4202 opinioni
809 4118 918 4185 favere
949 4119 1188 4204 quodammodo
1210 4121 1347 4202 videtur,
1382 4118 1470 4206 quod
1501 4119 1621 4185 similia
1650 4118 1691 4183 de

355 4226 435 4293 Nilo
468 4226 557 4311 apud
586 4224 707 4291 Melam
741 4245 868 4309 quoque
897 4229 927 4306 3,
942 4229 995 4297 96.
1028 4230 1105 4310 3,98
1135 4233 1272 4297 exstant.
1320 4227 1437 4311 quibus
1471 4227 1549 4292 loeis
1579 4232 1692 4310 aperte

357 4333 459 4400 Iubae
475 4334 623 4399 doctrina
638 4339 754 4402 exstat.
794 4331 872 4415 quid
896 4331 983 4417 quod
998 4332 1155 4417 Hesperii
1177 4354 1306 4419 quoque
1322 4332 1503 4417 Aethiopes
1518 4320 1692 4398 secundum

355 4440 452 4506 huius
474 4461 568 4505 usum
591 4439 752 4506 dicuntur.
799 4438 840 4504 cf.
864 4438 948 4505 Plin.
972 4443 1002 4521 6,
1019 4443 1092 4510 195.
1117 4444 1148 4522 8,
1163 4438 1240 4527 77⁸)
1264 4446 1297 4505 et
1318 4438 1406 4505 Mala
1428 4442 1459 4522 3,
1473 4442 1525 4509 98.
1571 4440 1606 4505 10
1629 4439 1693 4504 fine

465 4653 486 4722 ¹)
505 4652 542 4706 ef.
561 4652 608 4708 W.
627 4652 753 4722 Sububa,
770 4651 829 4707 ind
848 4652 910 4706 leet
929 4651 986 4708 hib.
1005 4650 1147 4722 Morburg.
1166 4650 1236 4708 1885
1254 4669 1283 4720 p.
1303 4649 1394 4708 XXV.

466 4741 487 4809 ²)
505 4758 606 4811 nempe
624 4740 660 4796 ab
679 4740 814 4795 orientali.

467 4829 489 4900 ⁸)
509 4829 577 4883 haee
595 4846 658 4883 cum
675 4829 775 4883 mirum
794 4829 824 4882 in
841 4828 954 4883 modum
973 4846 1035 4883 eum
1054 4830 1142 4885 110150
1161 4828 1252 4884 verbis
1275 4834 1435 4900 congruant,
1463 4846 1498 4882 ex
1521 4845 1554 4882 eo
1581 4828 1694 4881 fluxisse

359 4917 516 4983 Schweder,
535 4917 636 4973 Philol.
655 4918 689 4973 48
709 4918 802 4989 (1888)
821 4936 848 4987 p.
868 4919 920 4973 315
943 4917 1006 4972 adn.
1026 4920 1060 4974 25
1085 4918 1189 4977 statuit.
1226 4918 1280 4973 boc
1299 4918 1552 4986 1155500110.
1571 4918 1605 4972 53
1632 4931 1694 4984 per·

358 5008 451 5073 550511,
469 5006 539 5059 mihi
556 5022 613 5063 noo
630 5006 720 5076 plane.
758 5024 823 5062 nam
842 5008 967 5075 quamuis
985 5007 1071 5062 rerba
1089 5007 1238 5063 admodum
1257 5012 1420 5079 congruant,
1448 5010 1541 5061 tamen
1560 5004 1695 5074 quaedam

358 5094 530 5150 differentiae
548 5099 619 5150 0505
