4275 6025
1029 726 1071 791 91

384 936 539 1012 &unum
579 936 724 1002 Caunum
733 937 770 1023 ¹),
810 936 985 1025 Capitulum
1018 936 1186 1002 Hernicum
1224 958 1335 1004 rursus
1372 939 1552 1006 incolarum
1588 938 1721 1006 nomina

374 1046 581 1127 abiecerunt,
613 1045 693 1109 item
716 1044 831 1107 Forum
854 1045 951 1130 Appi.
997 1043 1086 1110 hand
1109 1065 1201 1111 secus
1223 1046 1338 1128 3,116
1367 1044 1498 1112 Caesena
1520 1054 1554 1114 et
1578 1045 1719 1113 Claterm

382 1151 577 1237 oppidorum
592 1172 708 1236 agmen
721 1150 855 1231 ducunt,
872 1151 948 1217 hino
959 1153 1097 1218 formam
1111 1152 1249 1218 nominis
1263 1152 1297 1218 in
1312 1153 1585 1239 subsequentibus
1599 1154 1720 1220 retinet

381 1258 522 1325 Plinius:
558 1258 641 1321 Fero
675 1255 770 1331 Clodi,
805 1257 887 1331 Liui,
920 1258 1026 1345 Popili
1059 1280 1126 1344 eqs.
1182 1280 1267 1343 quae
1300 1260 1473 1328 manifesto
1508 1282 1548 1327 ex
1583 1259 1719 1327 ethnicis

380 1366 534 1432 restituta
556 1370 642 1444 eunt,
665 1364 700 1431 id
724 1364 812 1449 quod
834 1364 998 1432 iudicatur
1020 1366 1163 1433 ablativo
1185 1364 1315 1454 Feror).

488 1472 600 1555 itaqua
622 1493 819 1557 quamquam
837 1473 941 1539 multa
955 1474 1087 1539 nomina
1102 1474 1235 1558 quaein
1249 1472 1375 1558 periplo
1390 1496 1519 1559 quoque
1535 1473 1717 1555 exstabant,

380 1578 560 1644 incolarum
584 1580 712 1645 nomine
735 1578 913 1646 substituto
936 1578 979 1645 ad
994 1580 1141 1665 Augusti
1162 1579 1292 1645 tabulas
1307 1579 1435 1647 Plinius
1454 1580 1717 1661 accommodavit,

381 1691 489 1750 mmen
520 1685 640 1769 passim
671 1690 729 1752 aut
758 1684 879 1751 oblitus
907 1689 956 1751 est
980 1692 1038 1751 aut
1060 1685 1166 1751 uoluit
1187 1686 1325 1752 alteram
1347 1685 1485 1753 formam
1509 1687 1626 1754 delere.
1671 1686 1719 1751 sic

380 1791 462 1858 illud
478 1812 607 1877 quoque
623 1792 805 1875 explicatur
820 1792 907 1877 quod
922 1791 1051 1858 ordines
1067 1814 1131 1857 non
1147 1791 1344 1877 alphabetici
1359 1792 1413 1859 hic
1426 1794 1496 1861 illic
1511 1793 1719 1861 inueniuntur

379 1898 467 1965 velut
490 1897 687 1965 coloniarum
710 1900 835 1984 primae
857 1899 997 1983 regionis
1016 1899 1060 1984 (3,
1077 1898 1134 1984 03)
1143 1897 1181 1985 ³).
1228 1919 1294 1982 quo
1309 1900 1380 1965 loco
1395 1900 1539 1966 coloniae
1555 1899 1719 1966 notionem

378 2006 423 2072 ab
446 2005 599 2091 Augusto
630 2006 768 2091 petitam
796 2027 866 2073 esse
887 2028 928 2073 ne
952 2026 1012 2091 ego
1035 2007 1164 2092 quidem
1187 2028 1279 2091 nego,
1305 2006 1362 2073 sed
1384 2008 1456 2093 ipsa
1478 2006 1609 2073 nomina
1631 2004 1719 2091 apud

379 2112 496 2197 peripli
519 2132 649 2198 quoque
672 2118 837 2179 auctorem
859 2113 1006 2180 extitisse
1029 2112 1179 2180 arbitror.

487 2219 560 2285 nolo
591 2222 700 2286 omnia
729 2220 791 2288 hoc
820 2242 922 2306 genus
945 2220 1127 2287 exscribere
1135 2220 1172 2307 ⁴),
1200 2227 1310 2288 tamen
1332 2220 1489 2288 Etruriae
1512 2220 1633 2305 oppida
1654 2240 1719 2287 non

380 2346 511 2410 possum
533 2348 599 2394 non
621 2326 803 2415 laudare⁶).
852 2326 899 2392 ibi
923 2328 1007 2393 enim
1031 2346 1089 2392 cur
1111 2326 1153 2392 ab
1176 2326 1290 2392 incolis
1312 2327 1354 2392 ad
1372 2324 1566 2410 oppidorum
1589 2326 1720 2392 nomina

380 2437 577 2516 transeatur,
609 2420 840 2500 dilucidissime
870 2433 1076 2519 perspicitur.
1121 2432 1181 2499 illa
1211 2437 1321 2498 autem
1349 2435 1484 2497 currunt
1506 2452 1527 2496 a
1549 2431 1662 2497 littera
1684 2430 1719 2498 A

377 2558 484 2624 usque
514 2539 558 2605 ad
581 2539 799 2619 Florentinos,
831 2539 883 2606 his
913 2540 1045 2606 additur
1076 2539 1117 2605 de
1148 2540 1215 2604 situ
1246 2538 1363 2604 notitia
1390 2558 1474 2622 qnae
1496 2557 1561 2603 uon
1583 2543 1652 2604 tam
1675 2538 1719 2605 ad

377 2644 502 2711 incolas
532 2666 631 2731 quam
661 2648 703 2713 ad
734 2648 841 2714 locum
872 2647 1028 2733 pertinet:
1061 2644 1229 2711 Florentini
1252 2645 1440 2732 praefluenti
1460 2644 1547 2708 Arno
1578 2645 1716 2731 adpositi.

380 2750 461 2816 talia
484 2772 560 2818 vero
582 2752 625 2818 ab
641 2754 786 2839 Augusti
809 2754 931 2821 tabulis
953 2754 1058 2820 aliena
1081 2773 1151 2819 esse
1166 2752 1372 2819 Burmannus
1395 2771 1525 2837 quoqne
1547 2751 1671 2816 monuit
1680 2749 1719 2838 ⁶).

379 2856 599 2924 adnectuntur
630 2862 783 2943 quoniam
813 2858 854 2926 de
880 2860 949 2925 loco
973 2864 1081 2926 actum
1104 2865 1164 2940 est,
1187 2859 1318 2924 nomina
1341 2858 1545 2942 oppidorum:
1570 2857 1719 2923 Famulae

378 2964 574 3030 Ferentinum
597 2966 759 3032 Pescennio
781 2964 954 3030 Hortunum
978 2964 1158 3030 Herbcnum
1177 2962 1277 3050 Nepet
1292 2960 1407 3028 Nouem
1421 2962 1507 3048 Pupi
1520 2963 1720 3050 Praefectura

381 3069 491 3136 Claudi
504 3071 588 3138 Foro
607 3072 691 3138 Clodi
703 3075 871 3138 Pistorium
885 3074 1023 3146 Pecunia,
1048 3073 1106 3138 ubi
1125 3072 1207 3136 Foro
1227 3071 1317 3136 clodi
1338 3091 1398 3137 neu
1419 3071 1526 3135 minue
1543 3069 1719 3135 Hortanum

379 3177 613 3266 Herbnnumque
642 3202 683 3247 ex
712 3181 849 3249 ethnicis
880 3182 1033 3248 restituta
1063 3201 1132 3246 essa
1159 3184 1306 3264 apparet.
1351 3197 1424 3243 cum
1446 3197 1522 3243 vero
1545 3177 1580 3242 iu
1602 3176 1717 3244 horum

377 3285 517 3353 duorum
547 3288 730 3355 nominibus
759 3289 898 3374 propriis
920 3287 1049 3355 Plinius
1079 3286 1245 3365 erraverit,
1276 3305 1317 3350 ea
1346 3305 1387 3350 ex
1417 3283 1485 3350 eolo
1508 3283 1661 3369 Augusto
1688 3285 1719 3350 ei

377 3394 556 3462 innotuisse
576 3397 778 3465 coniecerim.
808 3416 915 3480 neque
935 3396 1036 3480 igitur
1051 3394 1189 3476 Plinius,
1204 3391 1240 3458 id
1255 3392 1343 3478 qnod
1358 3412 1436 3457 sane
1451 3396 1563 3458 nostra
1577 3392 1718 3458 maxime

378 3501 547 3582 intererat,
571 3502 715 3588 Augusti
738 3503 860 3569 indices
882 3523 982 3588 puros
1006 3502 1040 3567 in
1063 3506 1249 3567 contextum
1272 3499 1405 3584 recepit.

490 3609 553 3674 iam
585 3609 750 3676 videamus
781 3609 947 3694 possintne
977 3608 1056 3675 alibi
1087 3628 1216 3693 quoque
1247 3605 1366 3672 similia
1398 3604 1535 3688 vestigia
1557 3603 1716 3687 indagari.

377 3721 480 3799 atque
511 3718 543 3798 3,
566 3720 610 3785 80
644 3716 702 3782 nbi
737 3717 778 3782 de
801 3715 934 3782 Corsica
966 3736 1020 3782 res
1051 3721 1111 3797 est,
1145 3712 1337 3800 Ountnius⁷)
1360 3711 1459 3778 verba
1480 3712 1610 3774 nurum
1631 3709 1719 3774 meu

378 3821 531 3886 XXXII
553 3833 579 3886 et
605 3823 731 3886 euentu
754 3821 932 3886 Marionem
954 3845 974 3885 a
1001 3819 1035 3885 C.
1059 3821 1163 3884 Murio
1186 3821 1351 3893 deductem,
1375 3817 1515 3882 Aderinm
1536 3839 1557 3878 c
1578 3817 1718 3880 de‘ctetore

377 3927 467 3992 Sulla
490 3928 533 3994 ad
555 3930 747 4013 Augustum
778 3929 887 3994 refert.
934 3928 969 3994 id
992 3930 1080 4014 quod
1102 3927 1183 3994 mihi
1205 3947 1269 3993 non
1292 3924 1460 4010 probatur.
1505 3922 1718 4006 nequeenim

378 4035 435 4102 ille
464 4036 499 4101 in
531 4035 728 4102 coloniarum
758 4037 920 4105 mentione
950 4037 1024 4122 quis
1056 4035 1243 4102 deduxisset
1271 4032 1437 4098 indicavit.
1482 4029 1605 4096 accedit
1629 4029 1718 4114 quod

377 4147 493 4208 contra
515 4143 660 4225 Augusti
687 4162 810 4208 morem
833 4142 912 4208 ordo
934 4143 1082 4209 inversus
1105 4146 1165 4209 est.
1211 4161 1287 4206 nam
1310 4137 1398 4224 apud
1422 4158 1495 4203 eum
1517 4134 1624 4222 primo
1647 4135 1717 4201 loco

377 4269 418 4313 ea
439 4249 559 4333 oppida
573 4248 855 4332 percensebautnr,
880 4249 999 4334 quibus
1014 4271 1176 4314 summum
1192 4253 1264 4314 erat
1277 4247 1339 4312 ius.
1379 4243 1519 4328 denique
1533 4241 1716 4308 litterarum

487 4409 508 4479 ¹)
527 4407 599 4462 hanc
623 4408 741 4463 formam
763 4410 841 4462 recte
863 4408 955 4477 siquid
977 4408 1060 4464 video
1083 4407 1224 4479 diogenius
1241 4405 1384 4460 Burmann
1409 4401 1630 4475 (Bmumnpeu
1653 4418 1717 4457 mm

376 4495 568 4567 antristlielsen
587 4495 738 4554 Nectum
757 4497 803 4553 des
821 4497 938 4554 Keiaers
955 4497 1108 4569 dunstatus.
1144 4495 1280 4565 harburg
1297 4493 1369 4550 1884
1387 4510 1415 4564 p.
1435 4493 1482 4564 37)
1501 4491 1638 4562 explicat:
1664 4489 1716 4544 Oa·

377 4585 455 4641 lenos
473 4586 549 4656 apud
566 4588 725 4656 Angustum
743 4589 974 4640 commemoratos
995 4585 1089 4641 fuisse.

490 4676 511 4745 ²)
530 4674 566 4730 cf.
586 4674 758 4742 Skutschiue,
776 4673 875 4730 Jahrb.
894 4672 1036 4729 l.Phi101.
1055 4673 1147 4742 suppl.
1165 4672 1200 4728 27
1218 4689 1246 4742 p.
1265 4673 1326 4728 104.

487 4764 507 4833 ³)
526 4762 561 4818 cf.
581 4763 784 4818 Oehmichenus
802 4762 992 4820 Plintienisebe
1009 4761 1126 4819 Studien
1144 4761 1215 4818 1880
1232 4778 1260 4832 p.
1280 4762 1324 4817 53.

485 4854 507 4923 ⁴)
526 4853 664 4922 quaedam
682 4851 885 4909 Oehmioheuus
904 4853 1013 4908 notant
1031 4852 1103 4908 1880
1120 4868 1149 4922 p.
1168 4852 1211 4906 51.

485 4943 506 5013 ι)
527 4944 551 5008 3,
562 4944 606 5000 52.

486 5030 507 5100 ⁰)
526 5029 544 5084 l.
564 5029 583 5085 l.
602 5047 629 5100 p.
649 5030 691 5087 39.

487 5120 507 5190 ⁹)
527 5118 597 5176 1890
615 5136 642 5189 p.
662 5121 723 5175 517.
