4275 6025
991 673 1033 740 37

349 885 531 955 Varronem
554 885 694 970 pertinet
717 891 851 971 propter
873 884 970 951 verba
983 907 1039 971 per
1053 886 1136 949 81888
1153 887 1253 967 duos,
1279 907 1364 971 quae
1378 887 1421 952 ad
1436 893 1593 972 quattuor
1607 887 1681 954 illos

347 994 500 1079 Europae
523 994 612 1059 sinus
636 998 781 1078 speetare
804 993 837 1058 in
860 991 1032 1077 propatulo
1048 998 1107 1058 est.
1155 992 1241 1059 unde
1259 996 1416 1078 sequitur,
1439 999 1478 1060 ut
1491 995 1593 1060 totius
1607 995 1682 1060 inde

348 1123 369 1167 a
391 1098 540 1168 Gadibus
562 1121 664 1186 usque
686 1100 729 1166 ad
744 1101 927 1185 Bosporum
947 1098 1158 1166 Cimmerium
1180 1122 1257 1167 orae
1272 1101 1381 1170 Varro
1403 1122 1572 1169 mensuras
1595 1104 1682 1170 exbi-

348 1207 466 1276 buerit.
488 1227 640 1273 mensura
655 1213 763 1273 autem
777 1206 1009 1274 Artemidorea
1023 1213 1137 1290 postes
1151 1208 1279 1274 adiecta
1293 1215 1352 1289 est,
1368 1209 1402 1274 id
1417 1208 1506 1294 quod
1517 1210 1682 1276 Maeotide

348 1313 553 1399 potissimum
577 1313 705 1380 adnexa
734 1313 937 1401 probatur1).
991 1335 1096 1399 neque
1126 1315 1213 1381 enim
1244 1314 1286 1380 ad
1320 1314 1502 1383 Varronem
1536 1316 1684 1383 Artemi·

349 1419 448 1486 dorsa
477 1417 648 1486 reserenda
677 1441 746 1486 esse
773 1440 897 1499 censeo,
928 1440 1002 1485 eum
1032 1419 1173 1485 formula
1202 1420 1316 1486 eadem
1347 1423 1461 1485 adicit
1490 1422 1531 1488 de
1553 1422 1683 1507 Nepote

351 1545 480 1610 quoque
501 1546 529 1594 8.
553 1549 582 1612 g.
604 1532 637 1607 4,
650 1531 692 1598 77
715 1549 793 1593 8888
817 1527 860 1592 811
883 1526 1021 1610 Plinius,
1044 1526 1101 1592 ubi
1123 1528 1193 1612 ipse
1216 1526 1280 1594 duo
1303 1529 1489 1595 testimonia
1507 1529 1683 1597 coniunxit.
1772 1515 1778 1520 ’

351 1631 409 1698 sed
431 1632 613 1700 Detleiseni
635 1635 822 1700 coniectura
851 1634 879 1700 81
910 1655 988 1700 vera
1019 1638 1069 1700 est
1101 1670 1144 1683 -
1175 1641 1277 1720 atque
1308 1633 1408 1700 hebet
1439 1656 1517 1701 sane
1547 1635 1685 1701 multum

348 1739 656 1823 probabilitatis-
680 1741 784 1807 altera
813 1741 988 1808 Maeotidis
1020 1762 1171 1808 mensura
1199 1747 1231 1823 4,
1244 1744 1288 1812 78
1310 1733 1387 1829 ΙΧΤΙ
1407 1732 1524 1805 HV
1539 1743 1572 1825 (i.
1597 1744 1686 1812 9000

350 1844 450 1932 stad.)
472 1845 675 1913 Artemidori
698 1852 758 1912 est.
803 1868 879 1912 nam

351 2006 569 2072 varronianae
592 2027 762 2072 mensurae
848 1997 959 2095 W
982 1997 1099 2075 Wss‘l
1114 2012 1248 2081 :15509
1271 2031 1314 2076 m.
1337 2032 1370 2093 p.

352 2110 582 2177 Artemidorus
605 2112 707 2178 adicit
922 2104 1123 2184 'DTJUWI't
1185 2118 1250 2186 756
1274 2137 1315 2180 m.
1339 2136 1370 2199 p.

354 2273 431 2337 ergo
453 2275 474 2320 a
496 2254 580 2321 freto
602 2259 645 2322 ad
668 2256 851 2340 Bosporum
873 2259 1008 2322 metitur
1116 2261 1251 2329 1162611
1275 2279 1317 2323 m.
1341 2281 1374 2342 p.
1397 2259 1418 2324 i.
1442 2260 1579 2326 130120
1601 2256 1685 2326 stad.

355 2381 425 2426 eum
447 2360 611 2428 Maeotide
633 2368 744 2429 autem
799 2354 1012 2453 OEXTH‘}
1037 2354 1253 2434 {6:17390
1274 2387 1317 2434 m.
1341 2386 1373 2448 p.
1397 2364 1419 2430 i.
1443 2366 1579 2434 139120
1602 2363 1686 2428 stad.

354 2467 465 2551 itaque
488 2468 590 2534 solam
611 2469 809 2536 Maeotidem
1163 2475 1319 2542 1125111.
1343 2493 1375 2556 p.
1397 2471 1419 2537 1
1488 2473 1580 2540 9000
1602 2468 1688 2535 stad.

352 2648 426 2692 eum
457 2627 519 2693 hoo
551 2627 621 2695 loeo
651 2628 803 2696 cohaeret
834 2630 1070 2716 quodammodo
1100 2636 1131 2713 4,
1145 2632 1189 2700 77
1223 2631 1278 2696 ubi
1312 2652 1352 2696 ex
1381 2629 1532 2698 Varrone
1559 2627 1689 2713 Nepote

352 2733 563 2800 Artemidoro
586 2735 738 2821 Agrippa
760 2735 911 2802 Muciano
933 2736 1031 2803 Ponti
1062 2736 1203 2803 ambitus
1212 2735 1239 2821 ²)
1272 2736 1443 2804 indicatur.
1493 2733 1638 2819 singulas
1668 2755 1689 2799 a

352 2839 460 2906 Plinio
483 2841 671 2906 coniunctas
694 2862 763 2907 8888
778 2863 945 2909 mensuras
961 2840 1182 2909 Oehmieheno
1204 2841 1262 2925 (81.
1277 2864 1374 2927 supra
1389 2863 1421 2926 p.
1441 2842 1496 2925 17)
1513 2840 1687 2908 adsentior.

459 2948 581 3015 duobus
609 2949 688 3015 loeis
718 2971 797 3035 quos
826 2949 958 3016 ultimos
992 2950 1214 3030 tractavimus,
1245 2955 1356 3015 utrum
1378 2947 1589 3016 Artemidoro
1618 2949 1689 3034 ipso

353 3076 429 3121 usus
463 3058 506 3123 811
535 3056 662 3122 Plinius
694 3078 736 3122 an
769 3063 808 3123 ut
839 3058 975 3141 reliquis
1007 3056 1135 3123 Isidoro
1165 3058 1357 3137 intermisso,
1390 3078 1454 3123 non
1484 3056 1687 3123 discernitur.

353 3167 462 3228 tamen
483 3183 554 3229 oum
570 3164 686 3229 ceteris
701 3163 931 3229 Artemidorea
950 3164 1026 3229 buio
1042 3163 1232 3244 debeantur,
1257 3163 1322 3229 illis
1337 3185 1467 3249 quoque
1482 3163 1561 3229 loeis
1577 3161 1689 3229 eodem

354 3270 422 3334 rivo
446 3292 485 3336 ea
507 3270 549 3336 ad
565 3270 709 3336 Plinium
732 3292 878 3337 manasse
901 3270 1050 3355 iudioo⁸).
1098 3292 1181 3357 quae
1204 3272 1312 3357 opinio
1335 3272 1463 3357 egregie
1481 3270 1688 3336 confirmatur

354 3376 411 3442 illo
433 3377 504 3444 looo
527 3379 583 3464 qui
606 3379 639 3444 in
662 3378 749 3444 oalee
772 3377 903 3444 secundi
927 3378 1004 3444 libri
1026 3383 1146 3443 exstat:
1171 3380 1204 3458 2,
1217 3381 1335 3462 24288.

461 3483 516 3550 1118
537 3493 710 3571 postquam
732 3485 816 3552 liber
839 3486 949 3552 finitus
973 3492 1031 3568 est,
1058 3524 1096 3535 -
1123 3508 1197 3551 nam
1220 3487 1260 3552 de
1282 3492 1370 3553 terra
1392 3506 1496 3571 usque
1518 3484 1687 3564 8112211

355 3595 463 3655 actum
495 3597 545 3658 881
573 3628 616 3640 -
650 3597 755 3657 terrae
790 3613 959 3658 mensurae
993 3592 1174 3659 adduntur:
1203 3617 1282 3680 pars
1315 3604 1416 3657 88888
1449 3603 1688 3656 18888881...

356 3696 524 3781 1189188188
546 3699 584 3762 ab
606 3710 672 3763 8118
696 3702 737 3763 od
758 3722 891 3763 88888881
910 3711 1007 3785 potet,
1033 3699 1086 3765 boe
1108 3712 1152 3765 881
1168 3701 1206 3764 80
1220 3700 1313 3764 India
1328 3703 1371 3764 od
1385 3698 1525 3763 Baculo
1539 3696 1691 3759 8818811188

360 3800 498 3869 Gadibus
517 3818 652 3870 serratos
674 3796 863 3893 {ml
888 3798 1061 3871 ZX'VITI
1072 3832 1108 3894 p.
1126 3819 1161 3871 ut
1181 3808 1373 3871 Artemidoro
1395 3806 1510 3868 auctori
1526 3803 1635 3889 puroet,
1657 3813 1691 3865 81

356 3933 424 3975 vero
459 3912 579 3977 Isidoro
603 3906 776 4005 OEVTJM
808 3905 946 3979 XWIT
966 3916 1000 3999 (i.
1031 3916 1145 3984 10000
1176 3914 1259 3979 stad.
1287 3911 1452 3998 amplius),
1480 3910 1691 3974 Artemidorum

359 4019 449 4083 odioit
482 4020 614 4106 emplius
644 4044 664 4085 8
700 4020 837 4087 Gadibus
867 4024 991 4086 circuitu
1023 4019 1113 4085 Sacri
1151 4022 1346 4109 promunturi
1378 4021 1419 4083 od
1445 4018 1692 4106 promunturium

468 4268 490 4337 ¹)
508 4267 577 4323 11888
596 4269 670 4323 enim
688 4285 706 4322 a
718 4268 844 4326 Varrone
857 4269 1035 4339 peeuliariter
1052 4271 1232 4339 percensetur
1244 4265 1280 4320 el.
1293 4267 1319 4331 4,
1329 4266 1372 4322 78.
1409 4264 1588 4321 varroniana
1599 4266 1692 4318 sutem

358 4371 487 4409 mensura
505 4372 587 4425 quam
606 4358 773 4414 alienissima
792 4362 835 4413 est
846 4360 881 4414 ab
894 4359 1091 4414 Artemidorus
1104 4359 1201 4424 4,121.
1237 4359 1267 4411 at
1279 4356 1383 4411 dixeris
1395 4355 1449 4410 hoo
1459 4356 1521 4410 loeo
1533 4369 1692 4408 mensuram

359 4445 465 4501 directo
484 4464 566 4502 eursu
584 4447 707 4503 duotam:
728 4465 763 4503 ne
781 4451 848 4503 tuno
865 4447 977 4516 quidem
996 4465 1059 4502 oum
1073 4446 1203 4501 Varrone
1221 4446 1359 4517 conuenit,
1377 4444 1425 4513 qui
1443 4447 1503 4499 eam
1523 4460 1558 4498 ex
1575 4440 1692 4511 Polybio

358 4536 477 4604 sumpsit
495 4536 519 4603 6,
530 4536 591 4592 206.
628 4535 663 4592 el.
683 4536 755 4592 infra
772 4554 800 4608 p.
819 4538 863 4593 39.

470 4624 489 4694 ¹)
510 4624 545 4679 de
563 4623 662 4694 quibus
679 4624 815 4680 mensuris
834 4625 892 4694 egit
910 4622 1088 4678 Detlefsenns
1106 4620 1271 4692 Philologus
1288 4623 1323 4679 46
1343 4623 1435 4693 (1888)
1454 4640 1481 4692 p.
1501 4622 1551 4678 691
1559 4638 1599 4689 sq.

468 4713 544 4781 ³)ab
562 4713 741 4767 Artemidoro
760 4712 968 4768 similitudinem
986 4729 1056 4781 quae
1079 4712 1154 4766 inter
1172 4711 1320 4767 Strabonis
1342 4712 1428 4768 libros
1453 4710 1479 4765 V
1504 4710 1545 4767 VI
1571 4715 1600 4765 et
1618 4707 1694 4762 Plini

359 4797 408 4855 111
425 4802 573 4857 intersedit
590 4802 771 4873 repetendam
791 4819 850 4857 8888
868 4801 1008 4857 Rudollns
1027 4801 1175 4871 Desbritz,
1185 4802 1217 4859 de
1234 4801 1409 4859 Artemidoro
1421 4799 1566 4856 8188118818
1584 4799 1696 4853 austere

360 4888 455 4959 sopita
474 4890 532 4947 tria
550 4891 615 4947 diss.
633 4891 745 4961 Lipsiae
758 4893 828 4949 1905
841 4910 868 4963 p.
882 4894 962 4961 11sq.
982 4891 1051 4945 mihi
1069 4906 1126 4945 non
1142 4894 1288 4961 persuasit
1317 4891 1446 4960 equidem
1458 4888 1530 4943 enim
1545 4903 1601 4940 uon
1613 4884 1696 4939 video

360 4977 428 5046 quid
446 4978 541 5034 obstet
558 4996 593 5035 ne
611 4980 647 5037 ad
665 4978 808 5069 Timaeum
826 4980 977 5036 referamus
996 4996 1066 5048 quae
1084 4980 1159 5048 apud
1176 4985 1323 5050 utrumque
1345 4978 1485 5049 leguntur.
1521 4990 1575 5041 quo
1596 4977 1701 5029 neuter·

358 5065 419 5135 ipso
437 5083 503 5120 8888
522 5070 573 5123 881.
