4275 6025
1058 727 1123 791 112

530 958 569 1005 ao
602 939 745 1024 primum
778 938 909 1022 quidem
946 938 1159 1023 longitudinis
1196 936 1442 1021 latitudinisque
1479 957 1647 1003 mensurae
1684 947 1759 1001 eon·

422 1044 627 1129 templemur,
643 1043 814 1129 dequibus
831 1042 1041 1111 Detlefsenus
1055 1067 1089 1130 p.
1106 1047 1203 1129 18sq.
1219 1064 1336 1129 parum
1351 1043 1487 1109 feliciter
1502 1043 1631 1109 videtur
1646 1043 1759 1128 egisse.

423 1153 482 1219 sad
514 1153 692 1219 rectissime
726 1156 756 1234 3,
773 1156 817 1223 43
845 1173 1028 1219 mensuram
1058 1150 1268 1237 longitudinis
1297 1141 1348 1239 [X]
1367 1139 1449 1215 Π
1471 1170 1555 1234 quae
1586 1151 1688 1216 currit
1717 1149 1759 1216 ab

424 1260 570 1345 inalpino
601 1258 666 1325 fine
697 1259 888 1326 Praetoriae
919 1259 1091 1343 Augustae
1121 1279 1180 1343 per
1209 1258 1324 1323 urbem
1355 1256 1566 1342 Capuamque
1592 1277 1695 1340 usque
1717 1255 1761 1323 ad

424 1364 566 1449 Regium
597 1364 761 1450 oppidum,
792 1363 962 1450 Agrippae
992 1363 1167 1430 vindicavit
1196 1363 1236 1431 ol.
1267 1363 1373 1433 Divis.
1404 1363 1472 1433 orb.
1501 1367 1521 1434 9
1552 1354 1655 1454 leCC
1678 1354 1762 1455 (lxii

425 1469 549 1555 Dionil)
559 1470 596 1557 1).
643 1470 784 1553 neglexit
806 1476 915 1536 autem
939 1470 1075 1536 alterius
1097 1489 1266 1535 mensurae
1298 1469 1462 1554 reliquias,
1495 1491 1578 1555 quas
1601 1472 1705 1537 latent
1726 1472 1760 1538 in

425 1576 547 1643 verbis:
571 1576 720 1662 multoque
742 1577 874 1661 amplior
895 1598 1035 1641 manem
1050 1578 1139 1664 fimi
1161 1575 1325 1640 Lauinium
1346 1599 1446 1663 mpure,
1470 1579 1504 1641 ni
1517 1578 1587 1641 talis
1601 1578 1761 1663 obliquitas

425 1683 459 1747 in
490 1684 570 1747 latas
600 1684 717 1767 digredi
745 1683 898 1747 uideretur.
945 1704 985 1747 ex
1014 1682 1139 1748 ultimis
1161 1682 1268 1748 verbis
1290 1685 1502 1768 cognoscitur,
1525 1684 1560 1749 id
1584 1684 1673 1768 quod
1696 1684 1761 1749 iam

426 1812 526 1876 supra
555 1791 737 1867 statuimus,
769 1788 913 1855 Plinium
945 1789 1093 1857 tabulam
1123 1789 1241 1857 Italiae
1271 1796 1348 1855 ante
1379 1790 1488 1857 oculos
1511 1812 1576 1859 nnn
1599 1791 1761 1861 habuisse.

427 1900 488 1965 sed
511 1898 590 1984 quid
613 1898 718 1965 subsit
740 1898 802 1964 toti
825 1897 873 1963 illi
896 1898 1074 1977 enuntiato,
1099 1899 1279 1981 quaeritur.
1314 1902 1413 1981 atque
1436 1899 1471 1964 in
1485 1897 1656 1983 Agrippae
1675 1919 1763 1965 men·

426 2007 512 2071 suris
534 2005 620 2071 ratio
651 2011 700 2071 est
730 2004 844 2070 habita
873 2005 1093 2089 promunturii
1114 2004 1240 2086 Laniui,
1268 2004 1327 2071 sed
1348 2005 1479 2071 minime
1501 2006 1586 2071 tanti
1608 2006 1763 2071 momenti

427 2110 516 2196 apud
544 2131 617 2175 eum
639 2109 713 2188 fuit,
743 2110 857 2194 quenti
885 2110 972 2195 apud
995 2112 1184 2194 Varronem,
1216 2111 1273 2195 qui
1295 2110 1436 2177 frontem
1458 2110 1574 2179 ltaliae
1597 2133 1635 2178 eo
1658 2110 1765 2177 finivit

426 2216 668 2301 secundumque
684 2217 836 2302 Europae
859 2218 965 2283 sinum
985 2218 1060 2283 inde
1076 2220 1191 2304 eoepit.
1216 2218 1301 2284 hune
1317 2220 1416 2303 igitur
1431 2240 1616 2285 mensuram
1633 2219 1764 2284 duxisse

429 2324 537 2390 nescio
570 2324 656 2391 unde
690 2322 732 2389 ad
767 2323 936 2391 Lacinium
972 2325 1171 2393 coniecerim.
1217 2330 1297 2390 tuno
1331 2326 1430 2390 etiam
1463 2324 1679 2407 intellegimus
1706 2323 1763 2389 illa

429 2429 581 2503 Pliniana
615 2430 649 2493 ai
681 2430 749 2493 telis
782 2429 941 2517 obliquitas
974 2431 1006 2494 in
1037 2430 1116 2493 aas
1149 2432 1269 2515 digram
1300 2432 1458 2494 sideream.
1505 2429 1644 2496 debebat
1678 2430 1763 2495 enim

430 2534 637 2605 Varroniano
667 2556 820 2601 mensura
850 2535 893 2600 ad
923 2535 1063 2601 madiam
1094 2535 1235 2602 frontem
1265 2536 1349 2617 dnoi,
1379 2557 1443 2603 non
1464 2535 1507 2602 ad
1530 2536 1671 2602 alterum
1694 2536 1764 2602 eius

428 2664 540 2709 eoruu.
588 2644 657 2709 eius
682 2644 790 2709 autem
813 2662 982 2707 numerum
1006 2642 1160 2708 maiorem
1189 2641 1289 2707 fuisse
1311 2662 1409 2725 qnam
1432 2643 1600 2727 Agrippae
1622 2664 1664 2708 ex
1685 2642 1765 2728 ipsis

429 2748 518 2815 Plini
533 2748 638 2815 verbis
662 2748 821 2833 amplior
843 2768 982 2811 mensura
997 2748 1211 2831 assequimur.
1243 2747 1360 2832 quodsi
1375 2769 1485 2813 verum
1500 2756 1562 2829 est,
1578 2772 1642 2817 nou
1657 2750 1765 2835 potuit

431 2855 540 2924 Varro
571 2852 769 2939 Cisalpinam
802 2850 944 2919 Galliam
975 2851 1018 2918 ab
1051 2851 1153 2919 Italia
1183 2873 1352 2937 segregare
1361 2852 1397 2939 ²).
1443 2874 1529 2938 quae
1555 2858 1663 2942 opinio
1694 2856 1765 2923 aliis

431 2983 561 3048 quoque
583 2961 681 3029 rebus
704 2959 923 3027 confirmatur.
969 2980 1043 3027 nam
1066 2959 1200 3028 Formio
1226 2962 1341 3025 aurbus
1364 2972 1469 3027 natae
1490 2962 1601 3028 Italae
1623 2964 1767 3028 emenus

431 3073 552 3138 dicitur
574 3075 605 3154 3,
624 3073 702 3152 1273
727 3071 900 3155 opponitur
923 3073 1029 3136 autem
1045 3068 1175 3153 Arsiae,
1200 3071 1257 3154 qni
1279 3094 1358 3136 nuno
1370 3073 1441 3154 finib
1454 3072 1565 3136 salae
1579 3077 1630 3137 est
1645 3073 1675 3152 3,
1690 3074 1765 3140 129.

432 3181 545 3264 itaque
567 3199 672 3263 usque
694 3177 736 3242 ad
760 3177 965 3244 Formionem
988 3175 1068 3243 fines
1093 3175 1212 3243 Italiae
1235 3180 1312 3244 ante
1328 3179 1516 3261 Augustum
1538 3177 1659 3263 prolati
1680 3182 1766 3244 sunt.

432 3283 538 3368 quid?
581 3285 668 3369 quod
691 3282 842 3351 Caesaris
874 3304 1003 3367 quoque
1025 3289 1133 3350 astate
1156 3283 1358 3369 Cisalpinam
1381 3286 1578 3370 provinciam
1601 3285 1643 3350 ab
1665 3283 1767 3350 Italia

431 3393 564 3459 secerni
590 3412 660 3458 esse
694 3390 832 3456 desitam
866 3391 1014 3475 exposuit
1050 3389 1314 3475 Mommsenusu,
1354 3393 1411 3474 qui
1448 3391 1539 3460 Varo
1583 3391 1649 3456 iam
1691 3396 1768 3456 anto

434 3499 623 3584 Augustum
654 3497 786 3564 Italiam
820 3497 1027 3562 terminatam
1061 3496 1160 3562 fuisse
1191 3503 1280 3564 eerto
1307 3499 1540 3583 comprobavit.
1586 3517 1769 3582 quaecum

433 3608 482 3672 ita
504 3606 577 3687 sint,
602 3605 682 3690 quin
698 3603 806 3671 Varro
830 3623 959 3687 quoqne
982 3600 1125 3669 Galliam
1140 3601 1339 3687 Cisalpinam
1362 3624 1435 3669 oum
1450 3604 1552 3670 Italia
1573 3605 1768 3688 ooniungers

433 3712 586 3799 potuerit,
610 3731 675 3776 non
697 3714 805 3794 potest
827 3730 897 3776 asse
926 3707 1071 3774 dubium.
1102 3729 1141 3774 ae
1163 3707 1308 3793 profeeto
1331 3708 1418 3795 apud
1438 3709 1592 3789 Plinium,
1615 3731 1711 3794 quem
1735 3709 1768 3774 in

435 3817 570 3901 Europa
591 3812 794 3880 meridionali
817 3818 948 3898 praeter
962 3812 1147 3897 Agrippam
1162 3811 1345 3880 Varronem
1361 3815 1562 3899 potissimum
1577 3815 1670 3899 sequi
1683 3815 1769 3882 infra

435 3923 657 3988 demonstrare
681 3919 879 3998 conabimur,
901 3925 1031 4004 praeter
1053 3919 1272 3984 illudentibus
1294 3932 1419 3986 austae
1438 3922 1548 3987 Italiae
1567 3924 1768 4007 fiars3,127

435 4036 469 4096 et
492 4033 523 4108 3,
541 4032 604 4098 115
624 4023 740 4114 fluvius
755 4026 872 4090 Rubico
894 4027 1129 4112 metastasis
1142 4026 1253 4091 Ιιαίἱαε
1274 4027 1416 4094 nullane
1438 4030 1600 4095 indicatur
1615 4051 1770 4114 umquam

435 4135 637 4220 Cisalpinam
667 4133 710 4199 ab
741 4133 841 4200 Italia
870 4137 1053 4217 separatam
1085 4130 1195 4198 inisse.
1240 4133 1327 4200 unde
1358 4156 1433 4201 vero
1461 4134 1564 4203 Varro
1587 4156 1769 4202 mensuram

436 4242 576 4319 duxerit,
600 4262 642 4307 ne
664 4239 839 4306 divinando
861 4237 992 4321 qnidam
1015 4238 1150 4303 inveniri
1172 4243 1289 4323 potast,
1313 4247 1485 4326 propterea
1500 4240 1589 4324 quod
1607 4241 1642 4306 in
1657 4239 1771 4308 Gallia

435 4347 671 4432 Transpadana
693 4345 819 4412 Plinius
843 4343 1049 4411 Varroniana
1070 4364 1135 4409 non
1156 4344 1343 4431 protulit4).

542 4453 753 4537 longitudinis
785 4451 887 4536 igitur
916 4447 1080 4534 duplicem
1108 4470 1301 4533 mensuram,
1331 4451 1468 4518 alteram
1497 4450 1611 4536 ipsam,
1635 4451 1772 4518 alterius
1844 4481 1848 4489 ¹

548 4666 569 4736 ¹)
588 4665 622 4720 In
640 4663 764 4718 Dimens.
784 4663 820 4718 14
836 4665 953 4732 propter
970 4661 1069 4718 Italiae
1091 4661 1255 4718 divisionem
1275 4679 1422 4718 mensurae
1437 4678 1495 4718 uon
1513 4663 1658 4732 quadrant
1695 4661 1773 4717 euius

436 4753 583 4809 divisionis
601 4751 677 4806 haud
694 4753 752 4806 seio
771 4769 807 4805 sn
824 4769 920 4807 ansam
943 4753 1053 4809 dederit
1070 4753 1173 4822 duplex
1195 4752 1271 4824 apud
1288 4753 1446 4824 Agrippam
1463 4753 1619 4809 latitudinis
1637 4753 1774 4823 definitio,

436 4840 474 4896 de
492 4858 546 4911 qua
564 4840 658 4895 statim
678 4856 800 4910 agamus.

548 4930 569 4996 Ι)
588 4929 644 4984 iam
662 4928 796 5000 Polybius
814 4927 926 4984 ltaliam
944 4930 981 4985 ad
998 4931 1087 5000 Alpes
1104 4948 1192 5000 usque
1209 4931 1387 5002 propagavit:
1406 4933 1433 4994 2,
1450 4933 1494 5002 14,
1513 4932 1530 4988 6
1548 4932 1585 4988 ei.
1605 4934 1630 5002 1,
1649 4934 1675 4996 6,
1693 4932 1720 4990 8.

547 5017 570 5090 ⁸)
589 5017 660 5074 CIL.
679 5016 706 5072 V
724 5035 753 5088 p.
771 5019 832 5075 902.

547 5109 570 5180 ⁴)
589 5106 625 5166 ef.
643 5106 716 5162 inira
733 5124 762 5177 p.
783 5106 879 5176 tbiaq.
