4275 6025
975 745 1038 809 171

341 955 382 1024 cf.
405 955 489 1021 Plin.
514 959 624 1035 3,144
647 956 846 1042 Epidaurum
868 958 985 1022 alonia
1006 958 1106 1042 (quae
1127 957 1217 1023 uotio
1240 978 1280 1040 11
1302 956 1449 1041 Augusti
1471 957 1591 1024 tubulis
1622 978 1674 1022 ac·

339 1064 458 1147 cessit),
493 1062 655 1128 simillime
686 1068 793 1146 3,145
824 1064 1037 1152 Epidamnum
1073 1064 1196 1130 catinia.
1254 1070 1283 1145 5,
1297 1066 1339 1134 ’15
1375 1066 1520 1128 macaria
1553 1065 1674 1128 urbiam

339 1166 508 1253 Doram¹),
531 1167 728 1254 sycaminum
737 1170 773 1254 ¹),
797 1192 882 1255 quae
904 1169 983 1235 alibi
999 1175 1111 1256 Δῶρος
1133 1177 1167 1236 11
1182 1167 1357 1252 Συκάμινος
1373 1170 1438 1254 (vel
1460 1172 1557 1237 etiam
1576 1179 1674 1234 Συκα-

338 1273 449 1357 μινών)
463 1284 628 1344 vocantur.
665 1277 700 1342 in
722 1276 813 1344 fonte
828 1278 980 1344 nimirum
996 1276 1075 1344 fuit:
1091 1277 1179 1363 ficere
1201 1278 1315 1362 oppida
1328 1275 1450 1340 Dorum
1466 1276 1671 1362 Sycaminum.

340 1386 371 1463 5,
387 1387 448 1452 117
468 1379 749 1468 Sipylumintariit:
772 1384 914 1460 Σίπυλος
928 1384 1062 1468 reliquis
1079 1383 1175 1453 dicta.
1200 1389 1232 1459 5,
1248 1387 1309 1451 148
1317 1383 1383 1466 ficit
1396 1394 1422 1446 et
1437 1385 1580 1446 Astacum
1596 1383 1672 1449 alia.

450 1488 531 1555 haec
552 1511 628 1556 rara
657 1489 744 1575 apud
767 1490 887 1556 Melam
910 1510 1093 1574 —nempe
1122 1488 1241 1554 obruta
1267 1488 1405 1554 aliorum
1438 1497 1605 1554 auctorum
1639 1489 1673 1553 iu

339 1594 427 1661 fonte
449 1597 518 1662 eius
540 1598 743 1677 auctoritate,
768 1619 796 1662 e.
814 1620 844 1680 g.
862 1597 1000 1682 Nepote,
1023 1595 1146 1663 Seboso
1168 1635 1221 1674 -,
1246 1601 1354 1660 tamen
1378 1616 1441 1660 nou
1463 1595 1592 1660 omuino
1616 1595 1673 1659 de·

339 1709 415 1767 suut
448 1704 607 1788 exempla:
643 1708 674 1786 2,
692 1707 735 1774 68
770 1703 919 1767 Tiar-iam
953 1710 986 1770 11
1020 1723 1103 1787 quas
1137 1700 1179 1768 ad
1215 1723 1288 1768 eum
1323 1721 1419 1783 quem
1451 1720 1537 1764 nuno
1567 1700 1672 1783 ipsum

337 1814 514 1875 tractamus
536 1810 642 1876 locum
665 1818 827 1895 spactant:
852 1818 883 1887 1,
896 1814 938 1880 97
955 1810 1165 1897 Lampsacum
1187 1809 1264 1895 (bis)
1290 1815 1318 1889 1,
1332 1810 1375 1878 98
1401 1805 1549 1891 Cyzicum.
1592 1804 1674 1870 talia

337 1914 437 2002 igitur
466 1911 648 1984 Varronem
682 1917 839 2001 produnt:
881 1920 987 1995 5,141
1019 1915 1162 2001 Abydum
1193 1915 1387 2000 oppidum..
1411 1912 1642 1996 Lampsacum.
1665 1961 1683 1998 .

338 2024 446 2099 5,142
471 2019 618 2104 Cyzicum.
667 2039 671 2048 ·

448 2134 557 2194 tamen
579 2150 620 2193 ne
642 2129 695 2194 hic
717 2129 848 2212 quidem
874 2129 1030 2195 intactam
1053 2127 1212 2197 Varronis
1240 2126 1420 2192 doctrinam
1443 2124 1569 2190 Plinius
1599 2143 1672 2207 pro-

337 2231 430 2298 didit.
484 2255 560 2299 uam
594 2235 899 2300 contaminationem
931 2234 1051 2299 iactam
1086 2255 1156 2299 esse
1185 2233 1318 2299 turbato
1353 2230 1465 2297 ordine
1497 2231 1669 2297 indicatur.

338 2340 486 2423 Aesepus
510 2341 594 2405 euim
617 2347 651 2406 et
666 2340 758 2407 Zelia
778 2338 941 2406 debebant
956 2348 1029 2424 post
1044 2338 1224 2406 Granicum
1239 2339 1399 2406 nominari
1414 2339 1605 2420 inversoque
1621 2357 1672 2401 or·

338 2442 422 2512 dine.
462 2442 573 2510 eodem
596 2451 722 2531 spectat
745 2446 930 2536 coniectura
945 2445 1147 2511 Hirschfeldi
1171 2447 1315 2529 quamvis
1338 2466 1401 2511 uon
1420 2445 1462 2509 ab
1477 2445 1564 2510 omui
1579 2449 1672 2527 parte

338 2559 437 2632 certa,
471 2560 580 2617 tamen
610 2572 674 2616 uou
705 2553 833 2618 silentio
860 2551 1033 2634 obruenda,
1066 2553 1123 2636 qui
1154 2552 1339 2618 nominibus
1362 2553 1471 2614 Artace
1502 2557 1536 2615 et
1562 2550 1672 2613 Astaca

336 2655 423 2722 idem
458 2658 612 2741 oppidum
646 2657 696 2723 bis
726 2657 901 2740 significari
930 2680 995 2725 uon
1022 2659 1091 2724 siue
1122 2657 1264 2743 quadam
1293 2657 1533 2744 probabilitatis
1566 2658 1672 2740 specie

335 2763 560 2848 arbitratui-²).

445 2875 516 2935 tum
541 2869 639 2935 verbu
666 2873 775 2950 5,142
798 2870 983 2955 Rhyndacus
1006 2923 1041 2940 ..
1066 2873 1176 2934 Asiam
1201 2871 1436 2956 Bithyniamque
1463 2870 1671 2933 disterminans

336 2981 448 3060 aperte
478 2974 520 3041 ad
549 2977 730 3061 periegesiu
758 2983 914 3062 spectant,
948 2998 1019 3045 cum
1049 2977 1217 3044 Romanae
1240 2978 1423 3062 provinciae
1446 2976 1670 3061 respiciantur.

335 3079 392 3145 sed
415 3082 480 3148 alio
504 3084 641 3148 termino
657 3082 784 3148 Plinius
807 3084 912 3149 utitur
935 3087 1045 3161 5,143
1064 3083 1183 3169 flumen
1200 3082 1510 3163 Ε1111111111111111)
1539 3081 1671 3147 Troadis

329 3190 407 3275 fiais
428 3200 456 3251 et
469 3188 589 3274 Mysiae
603 3190 733 3253 initiam.
768 3211 854 3273 quae
868 3191 1054 3255 terminatio
1070 3212 1091 3255 a
1105 3191 1262 3275 periegesi
1278 3189 1395 3267 aliena,
1412 3192 1444 3253 in
1463 3212 1528 3273 qua
1545 3190 1670 3275 Mysiae

333 3293 367 3357 iu
390 3314 448 3359 ora
470 3294 558 3361 locus
580 3318 643 3363 nou
666 3303 725 3363 111.
771 3303 975 3363 tamencum
997 3319 1060 3362 nou
1084 3306 1219 3382 propter
1251 3297 1423 3362 historiam
1453 3296 1579 3377 referri,
1613 3295 1670 3361 sed

334 3420 376 3464 ex
397 3402 552 3486 scriptore
574 3402 684 3485 aliquo
706 3404 844 3486 petitam
860 3424 929 3469 esse
948 3424 985 3469 eo
1000 3403 1169 3487 probatur,
1192 3403 1278 3488 quod
1294 3403 1337 3469 ad
1353 3404 1488 3469 eandem
1503 3403 1669 3490 Phrygiae

334 3505 414 3572 fines
436 3508 604 3592 compositi
626 3516 703 3574 sunt
725 3514 846 3590 5,145.
892 3509 988 3574 huius
1018 3517 1129 3575 autem
1161 3517 1269 3576 terrae
1299 3511 1547 3594 descriptionem
1579 3518 1670 3575 extra

333 3614 512 3696 periegesin
536 3634 606 3678 esse
628 3616 765 3699 positam
787 3616 856 3699 ipse
870 3614 997 3680 Plinius
1013 3614 1100 3681 haud
1124 3616 1259 3682 obscure
1282 3616 1438 3682 ostendit:
1463 3620 1492 3697 5,
1514 3622 1576 3685 144
1597 3638 1669 3701 qua·

329 3728 456 3803 propter
476 3740 537 3781 non
560 3719 654 3782 aliubi
676 3722 779 3803 aptiae
800 3722 837 3783 da
859 3742 894 3784 ea
924 3722 1051 3802 dicatur,
1083 3723 1248 3787 occasione
1277 3729 1411 3805 arrepta
1439 3722 1547 3805 potius
1571 3742 1670 3803 quam

334 3823 456 3890 oblata

444 3929 608 4015 Phrygiae
638 3938 748 3997 autem
779 3930 900 4015 oppida
922 3930 1082 3998 Ouutzius
1112 3934 1259 4017 quamvis
1291 3933 1333 3998 ad
1364 3932 1594 3997 elementorum
1618 3952 1668 3995 or·

333 4036 440 4101 dinem
472 4037 631 4122 disposita
660 4039 746 4103 iuter
779 4038 909 4104 tabulas
942 4040 1104 4105 censorias
1137 4040 1282 4123 recipere
1308 4037 1516 4121 dubitavit4).
1569 4045 1669 4121 atque

333 4143 520 4208 rectissime.
560 4163 634 4208 uam
658 4143 743 4208 sicut
764 4144 851 4208 idem
873 4145 1007 4225 monuit,
1031 4165 1167 4228 graecae
1182 4144 1304 4211 formae
1319 4144 1360 4210 ab
1375 4145 1421 4209 eis
1436 4142 1561 4210 alienae
1577 4165 1668 4228 gras·

333 4269 406 4314 cum
429 4250 538 4333 potius
560 4251 750 4333 scriptorem
773 4249 911 4332 prodere
933 4250 1091 4315 videntur.
1131 4249 1246 4315 deiude
1269 4250 1397 4315 ethnica
1419 4271 1483 4315 uon
1499 4258 1667 4335 apparent,

332 4353 473 4420 alterum
496 4356 681 4421 tabularum
703 4356 835 4422 illarum
857 4356 1022 4423 indicium.
1061 4357 1118 4421 sed
1142 4356 1229 4439 quod
1245 4363 1295 4421 est
1309 4357 1543 4440 gravissimum,
1563 4358 1595 4422 iu
1611 4357 1668 4423 illa

333 4461 415 4525 serie
445 4460 529 4527 duae
558 4462 725 4527 minimum
755 4462 854 4529 urbes
880 4464 992 4527 111111
1012 4463 1079 4527 iam
1102 4462 1181 4527 alibi
1204 4471 1481 4532 commemoratae.
1528 4486 1603 4529 uam
1625 4463 1668 4529 ad

442 4677 462 4746 1)
481 4674 644 4729 nominativi
661 4677 725 4727 suut
742 4672 905 4743 accipiendi.

441 4766 462 4834 ²)
480 4763 719 4833 Pauly-Wissowu
736 4762 769 4817 11
787 4764 848 4820 803.

440 4854 462 4923 ⁸)
480 4855 545 4909 hinc
563 4853 633 4908 nihil
651 4854 687 4908 de
706 4859 833 4923 tempore
850 4852 973 4907 auctoris
992 4851 1067 4907 111111
1086 4855 1190 4907 certum
1205 4855 1255 4907 est.
1292 4869 1357 4905 uam
1370 4852 1491 4907 alteram
1503 4852 1666 4907 divisionem

332 4947 429 5013 utpote
440 4941 596 4997 Romnum
615 4959 664 4996 sua
681 4958 790 5011 quoque
807 4946 900 4997 111111
917 4941 1012 4995 velere
1025 4939 1133 4994 Plinius
1151 4941 1247 5010 procul
1260 4941 1345 4995 dubio
1360 4941 1473 4998 sciebat.
1505 4957 1666 5011 11111111-

331 5049 448 5101 cumque
466 5032 502 5086 111
519 5048 553 5085 11
570 5031 723 5097 differebat,
743 5030 883 5099 antiquior
900 5030 928 5084 11
944 5030 1034 5086 videri
1052 5029 1181 5085 debebat.

439 5121 461 5190 ⁴)
480 5119 550 5175 1890
568 5137 594 5188 p.
613 5120 674 5174 493.
