4275 6025
1063 669 1104 734 72

416 887 447 962 1,
459 882 511 952 77.
558 881 635 947 item
662 878 780 946 Cariae
811 884 845 946 et
872 879 985 948 Ioniae
1011 879 1166 946 terminos
1195 879 1280 944 alius
1310 877 1407 946 aliter
1439 878 1619 944 consdtnit:
1666 878 1751 946 Plin.

417 992 448 1070 5,
462 988 527 1056 112
557 987 646 1053 sinus
671 985 805 1052 Basilici
836 1007 926 1054 oram
949 985 1062 1052 Ioniae
1085 984 1222 1069 addixit,
1253 984 1342 1051 Mela
1371 984 1504 1050 eandem
1528 991 1650 1051 terram
1680 990 1754 1071 poet

418 1095 596 1162 Basilicum
619 1094 759 1178 incipere
783 1094 959 1161 contendit.
1005 1093 1080 1177 plus
1103 1094 1203 1160 etiam
1224 1091 1396 1158 tribuerim
1426 1091 1527 1159 errori
1549 1089 1657 1157 Melas
1688 1112 1753 1176 quo

416 1200 625 1285 Mariandyni
654 1199 747 1264 iuxta
769 1197 946 1281 Bosporum
974 1203 1212 1283 perveniantur,
1237 1197 1277 1263 cf.
1304 1198 1398 1275 1‚97.
1423 1199 1499 1266 103.
1545 1195 1579 1262 id
1605 1197 1692 1282 quod
1714 1218 1753 1263 eo

417 1305 568 1372 nimirum
592 1303 783 1390 explicatur,
814 1303 902 1387 quod
934 1305 962 1370 is
985 1326 1082 1389 quem
1104 1302 1194 1369 Mela
1218 1303 1396 1387 exscripsit,
1426 1302 1601 1388 Bithyniae
1630 1302 1753 1370 incolas

417 1413 581 1479 universos
619 1410 828 1496 descriptioni
865 1412 1092 1496 praemiserat:
1142 1409 1314 1494 diligenter
1358 1430 1467 1475 eorum
1505 1411 1587 1476 situs
1624 1409 1754 1476 rettulit

417 1518 544 1585 Plinius
569 1520 600 1598 6,
610 1521 641 1586 4.
688 1524 758 1584 turn
782 1517 871 1603 apud
891 1517 1012 1584 Melam
1036 1520 1146 1600 1,104
1168 1538 1341 1602 perperam
1363 1516 1443 1583 11111
1465 1518 1550 1584 inter
1565 1515 1754 1602 Bithyniam

418 1632 452 1694 11
472 1625 727 1712 Paphlagoniam
756 1624 925 1690 constituti
955 1629 1043 1691 sunt:
1080 1623 1159 1692 Tios
1190 1626 1276 1691 enim
1305 1625 1380 1690 huic
1410 1631 1517 1691 terrae
1547 1623 1753 1706 adscrhitur,

417 1753 514 1819 quem
538 1752 680 1799 errorem
703 1729 830 1796 Plinius
854 1731 997 1796 evitavit.

528 1877 626 1942 porro
648 1854 838 1922 Dioscurias
869 1855 1045 1922 secuudum
1068 1854 1213 1923 Plinium
1236 1859 1323 1935 6,15
1353 1855 1389 1921 in
1412 1854 1607 1922 Colchorum
1636 1853 1754 1920 linibus

418 1969 517 2033 situm
549 1971 607 2046 est,
643 1960 820 2028 secundum
851 1961 971 2028 Melam
1003 1968 1110 2041 1,111
1144 1962 1188 2030 ad
1218 1962 1404 2030 Heniochus
1437 1963 1588 2046 pertinet.
1634 1962 1755 2027 ibidem

415 2073 505 2158 'quod
529 2068 776 2137 Dioscuriadsm
799 2091 820 2135 a
842 2067 979 2136 Castore
1002 2076 1036 2136 et
1058 2068 1194 2137 Polluce
1216 2071 1380 2137 conditam
1403 2090 1473 2135 esse
1494 2075 1657 2146 narratur,
1690 2090 1754 2134 non

418 2178 461 2244 ab
495 2197 607 2243 eorum
629 2174 751 2258 aurigis
773 2174 874 2262 (Plin.
908 2177 1021 2262 6,16),
1054 2176 1143 2243 1111
1175 2177 1241 2243 1111
1271 2197 1314 2242 an
1344 2197 1410 2242 non
1441 2176 1502 2241 soli
1534 2174 1755 2261 neglegentiae

418 2282 627 2351 tribuendum
653 2281 705 2348 111.

529 2405 595 2470 iam
619 2401 764 2472 Galliam
786 2427 888 2490 usque
911 2405 953 2472 ad
970 2403 1122 2472 Rhenum
1145 2405 1291 2473 extendit
1312 2404 1401 2472 Mela
1424 2408 1455 2489 3,
1468 2408 1521 2476 20.
1568 2407 1660 2473 11111
1685 2429 1756 2474 sen·

418 2510 541 2576 1111111
571 2511 659 2596 apud
682 2511 827 2578 Plinium
857 2535 986 2597 quoque
1016 2516 1124 2593 4,105
1157 2518 1328 2597 supersunt
1358 2512 1504 2596 vestigia,
1538 2513 1596 2579 sed
1627 2515 1662 2580 in
1684 2515 1757 2599 ipsa

419 2615 635 2702 descriptione
658 2617 784 2686 Scaldis
815 2619 932 2688 fluvius
956 2620 1162 2688 Germaniam
1184 2642 1205 2686 a
1227 2618 1337 2686 Gallia
1359 2619 1570 2688 discriminat.
1617 2629 1652 2687 at
1675 2622 1757 2688 haee

420 2729 453 2790 et
468 2721 664 2792 Gemanica
680 2733 712 2793 11
728 2725 860 2796 Gallias
883 2729 1058 2814 descriptio
1074 2729 1227 2795 Pliniana
1249 2729 1347 2795 aliam
1370 2749 1447 2814 prae
1470 2750 1505 2795 11
1520 2728 1585 2794 fert
1600 2729 1755 2813 originem

420 2849 518 2915 qnam
534 2829 687 2918 Europae
710 2855 787 2902 orae
810 2834 1039 2914 meridionalis,
1063 2834 1098 2901 id
1120 2833 1207 2919 quod
1229 2833 1315 2900 infra
1334 2835 1518 2900 cromatius
1534 2833 1758 2900 demonstrare
1798 2877 1803 2886 -

419 2938 617 3007 conabimur.

532 3062 606 3129 dein
629 3062 793 3150 Chalybes
815 3064 880 3130 alio
908 3070 979 3131 loco
1010 3064 1209 3133 collocantur
1231 3087 1252 3132 a
1275 3066 1384 3133 Plinio
1408 3070 1506 3153 6,11,
1531 3066 1595 3132 1111
1627 3086 1648 3130 1
1669 3062 1758 3129 Mela

421 3172 537 3249 1,105.
582 3171 660 3236 item
684 3171 724 3237 11
747 3169 916 3238 Tritonide
943 3172 1062 3257 palude
1091 3174 1188 3256 valet,
1221 3195 1413 3259 quamquam
1443 3174 1496 3240 hic
1518 3173 1645 3239 Plinius
1669 3174 1700 3250 5,
1713 3173 1758 3240 28

420 3274 558 3341 aliorum
593 3276 799 3361 quorundam
823 3280 1015 3345 sententiam
1038 3280 1156 3361 adfert,
1188 3303 1286 3365 quam
1308 3280 1396 3347 Mela
1419 3288 1550 3348 secutus
1579 3285 1629 3345 est
1660 3285 1689 3359 1,
1701 3280 1754 3347 36.

420 3402 459 3449 11
493 3404 533 3448 11
563 3383 604 3450 11
638 3384 704 3449 aris
735 3382 894 3451 Sestianis
925 3387 1056 3471 quidem
1091 3388 1188 3473 plane
1222 3389 1436 3469 consentiunt,
1472 3388 1619 3473 quamvis
1649 3385 1758 3452 verbis

421 3487 580 3555 similibus
603 3494 750 3560 utantur.
796 3511 872 3556 nam
894 3491 1021 3559 Plinius
1044 3498 1155 3576 4,113
1179 3496 1213 3560 11
1233 3494 1465 3563 Pamareorum
1487 3494 1679 3581 paeninsula
1701 3514 1756 3559 eas

421 3613 491 3660 esse
513 3594 606 3676 dixit,
634 3596 692 3680 qui
714 3617 734 3661 a
757 3598 981 3683 promunturio
1004 3598 1129 3667 Celtico
1151 3606 1225 3685 post
1249 3600 1391 3668 Celticos
1413 3603 1500 3687 ipsos
1523 3599 1566 3668 ad
1589 3601 1757 3667 meridiem

419 3720 531 3767 versus
554 3701 646 3768 sedes
669 3703 801 3785 habent,
825 3702 914 3771 Mela
935 3726 1010 3772 vero
1034 3710 1122 3790 3,13
1146 3709 1233 3795 apud
1255 3709 1406 3795 Astyres.

530 3825 597 3891 iam
626 3827 714 3912 quod
737 3828 862 3896 Nicaea
891 3829 1023 3897 allelu
1050 3835 1081 3911 2,
1095 3836 1137 3903 76
1169 3832 1212 3899 11
1233 3831 1379 3901 Galbam
1409 3833 1559 3912 refertur,
1594 3833 1713 3898 rectius
1736 3853 1758 3899 a

420 3929 871 4019 Ρ111113,4711Ι1111111,
895 3956 960 4001 non
982 3939 1165 4021 presserim.
1210 3959 1270 4005 nec
1299 3940 1431 4005 maioris
1460 3960 1518 4025 per
1547 3960 1582 4005 se
1604 3940 1755 4005 moment'

421 4041 471 4103 est
493 4036 581 4120 quod
604 4037 659 4105 ille
678 4038 836 4125 Tergeste
859 4041 1014 4127 oppidum
1038 4048 1131 4109 extra
1146 4043 1318 4112 Venetiam
1333 4044 1471 4111 collocat
1486 4044 1685 4130 Illyriaeque
1700 4044 1757 4109 ad·

420 4141 550 4227 scripsit
572 4145 603 4226 2,
617 4146 670 4216 57.
719 4168 917 4233 quamquam
939 4148 1015 4215 inde
1038 4150 1202 4235 colligitur
1223 4152 1258 4218 in
1280 4153 1350 4219 eius
1366 4152 1455 4219 fonte
1471 4152 1678 4218 Formionem
1693 4171 1758 4216 non

422 4255 706 4316 commemoratum
729 4250 838 4319 luisse.

533 4370 672 4455 denique
695 4372 832 4443 Rhodae
859 4377 942 4443 situs
972 4384 1060 4445 recte
1090 4379 1179 4464 apud
1201 4381 1322 4448 Melam
1345 4385 1376 4465 2,
1389 4385 1434 4452 84
1465 4381 1638 4462 indicatur,
1673 4379 1758 4446 falso

420 4474 509 4561 apud
524 4476 667 4544 Plinium
691 4483 721 4557 3,
731 4482 775 4550 33
797 4488 932 4569 propter
947 4480 1101 4551 Rhodani
1123 4486 1368 4571 originationem
1415 4508 1513 4571 quam
1534 4506 1597 4552 non
1613 4509 1634 4551 a
1648 4484 1758 4551 Plinio

422 4604 495 4649 cum
517 4584 575 4652 illo
597 4586 715 4670 oppido
738 4589 940 4655 coniunctam
964 4610 1033 4655 esse
1057 4592 1215 4659 evincitur
1237 4593 1308 4661 loco
1332 4592 1471 4679 quodam
1493 4592 1699 4678 Hieronymi:
1723 4593 1759 4656 in

422 4686 498 4758 Gal.
522 4692 543 4761 2
558 4712 608 4775 pr.
623 4696 680 4777 qul
704 4713 745 4759 ex
760 4692 910 4764 Varrone
932 4696 1013 4762 haec
1028 4696 1143 4764 refert:
1168 4701 1315 4784 oppidum
1330 4700 1442 4763 ledc
1457 4698 1554 4763 ochoi
1568 4697 1759 4763 Rhodiorum

421 4794 605 4879 bruneum
632 4799 710 4862 unde
732 4801 831 4862 amaia
854 4800 1023 4864 Blandona:
1045 4822 1150 4865 acmen
1173 4805 1291 4890 occepd.

419 5026 508 5094 Mol„
532 4921 681 4987 similiter
711 4920 839 4988 Iolcum
872 4920 1058 5007 Magnesiae
1088 4924 1262 5012 adscripsit
1286 4927 1413 4995 Plinius
1436 4933 1468 5012 4,
1485 4932 1539 5015 32,
1570 4928 1759 4997 Thessaliae

529 5030 562 5113 2,
574 5032 628 5099 40.

1180 5545 1355 5697 Δ
