4275 6025
961 760 963 764 Ι
1041 671 1105 735 183

405 877 596 945 Armeniam
619 877 733 944 eodem
755 884 888 945 anctore
903 877 1051 953 describi.
1066 901 1134 965 qno
1148 885 1181 960 5,
1194 883 1290 967 83811.
1306 903 1385 949 usus
1401 888 1451 948 est
1464 881 1602 964 Plinius,
1626 904 1742 969 nempe

402 984 565 1054 Muciano.
611 991 712 1067 atque
735 983 816 1049 baec
838 985 946 1069 opinio
968 985 1074 1069 primo
1098 986 1209 1052 statim
1224 988 1393 1053 enuntiato
1408 987 1626 1060 confirmatur.
1665 1011 1741 1056 nam

400 1091 486 1157 vfines
502 1090 679 1159 Armeniae
701 1091 750 1157 ita
772 1091 1087 1170 circumscribuntur,
1111 1098 1150 1158 ut
1171 1114 1193 1158 a
1215 1093 1488 1177 septentrionibus
1512 1100 1546 1179 (c
1564 1095 1742 1161 Parihedris

404 1198 564 1284 montibus)
580 1199 623 1264 ad
637 1198 836 1266 occidentem
850 1197 1098 1286 (Cappadociae),
1115 1199 1231 1266 deinde
1246 1198 1289 1266 ad
1304 1201 1471 1267 meridiem
1482 1203 1740 1290 (Mesopotamiae,

405 1304 522 1367 Arabes
536 1303 668 1393 Oroei1),
680 1307 858 1393 Adiabene),
874 1307 1013 1392 denique
1028 1307 1072 1374 ad
1087 1308 1242 1374 orientem
1258 1309 1308 1391 (ab
1324 1330 1358 1373 ec
1373 1312 1546 1374 ramerus
1560 1313 1640 1398 iupis
1655 1313 1740 1399 etc).

402 1409 524 1476 circulo
552 1409 689 1495 quodam
716 1413 882 1481 ducamur.
933 1414 991 1498 qui
1013 1412 1095 1480 ordo
1117 1410 1262 1479 Muciani
1284 1420 1335 1480 est
1360 1416 1520 1499 proprius,
1544 1415 1586 1486 cf.
1609 1440 1641 1502 p.
1667 1421 1741 1488 160.

517 1538 537 1582 a
573 1519 732 1603 periegesi
769 1524 879 1585 autem
916 1519 1094 1585 Armeniae
1131 1519 1379 1605 descriptionem
1415 1520 1557 1587 alienam
1598 1543 1667 1590 esse
1703 1545 1742 1591 ee

405 1625 607 1708 potissimum
629 1625 841 1710 cognoscitur,
865 1626 953 1709 qnod
975 1647 1137 1710 nusquam
1159 1626 1201 1691 ad
1225 1645 1297 1691 eam
1319 1630 1441 1692 terram
1462 1628 1660 1712 prospicitur
1682 1650 1742 1696 nec

401 1731 534 1797 omnino
557 1731 585 1797 si
615 1729 695 1817 quid
724 1731 827 1813 video,
859 1733 893 1798 in
925 1753 965 1797 ea
993 1731 1110 1798 fluvius
1138 1730 1302 1798 Absarros
1334 1741 1612 1802 commemoratur.
1665 1757 1741 1802 nam

404 1839 492 1917 6,12
515 1843 549 1903 et
565 1841 607 1907 13
630 1858 670 1903 ex
692 1837 866 1904 Itinerario
889 1838 945 1903 illo
968 1844 1118 1923 sumptus
1140 1843 1199 1907 est.
1244 1843 1354 1905 tamen
1376 1845 1491 1906 neutro
1514 1840 1584 1907 loco
1606 1846 1741 1907 notatur

404 1944 579 2010 Armenias
600 1946 642 2011 ab
666 1965 703 2010 eo
727 1945 861 2029 seiungi.

516 2055 645 2137 gravius
666 2059 726 2135 est,
753 2053 841 2137 quod
863 2052 1012 2117 Sacasani
1032 2052 1172 2140 Iaepcmi
1192 2051 1313 2116 Diduri
1337 2051 1412 2116 Sodi
1432 2054 1491 2138 qni
1513 2056 1544 2134 6,
1560 2057 1603 2124 29
1627 2055 1661 2120 in
1683 2075 1743 2120 ora

401 2157 503 2223 Ponti
524 2158 734 2243 collocentur,
767 2162 802 2226 in
833 2162 992 2246 periegesi
1024 2182 1090 2226 non
1123 2166 1264 2239 exstant,
1299 2162 1473 2227 Macerones
1505 2183 1581 2229 vero
1611 2163 1739 2229 nomine

404 2264 502 2346 paulo
523 2265 697 2332 immutato
710 2267 962 2333 Machoronibns
982 2266 1176 2353 respondent
1191 2268 1237 2355 (6,
1253 2268 1318 2354 11).
1364 2268 1439 2334 dein
1463 2270 1494 2348 6,
1507 2272 1562 2340 29.
1585 2273 1629 2340 30
1650 2291 1741 2355 repe·

404 2375 519 2435 tuntur
550 2369 683 2454 quidem
711 2374 834 2458 populi,
867 2374 923 2458 qui
954 2374 1020 2438 iam
1049 2374 1085 2439 in
1114 2373 1273 2458 periegesi
1303 2372 1441 2439 absoluti
1464 2380 1552 2440 sunt:
1591 2372 1743 2440 Celetiece

401 2476 577 2540 solitudines
598 2477 714 2542 Moschi
734 2479 883 2543 Henebclei
903 2480 1027 2551 Achaei,
1051 2478 1107 2545 sod
1130 2480 1178 2545 ita
1200 2485 1237 2545 ut
1259 2479 1437 2565 descriptio
1459 2501 1481 2546 a
1507 2481 1671 2548 montibus
1699 2482 1741 2548 ad

404 2603 494 2647 mare
516 2585 609 2667 qnasi
632 2583 816 2653 descendat.

515 2694 586 2755 tota
607 2697 717 2756 autem
739 2692 900 2757 enarratio
923 2693 953 2772 6,
968 2694 1102 2761 25-30
1123 2712 1221 2756 unam
1243 2691 1416 2776 imaginem
1441 2697 1641 2759 constantem
1655 2695 1691 2758 in
1706 2715 1742 2760 se

403 2796 544 2881 praebet.
590 2798 702 2881 itaque
731 2805 862 2883 praeter
888 2799 1048 2884 quaedam
1075 2797 1308 2875 additamenta,
1337 2797 1520 2882 dequibus
1542 2796 1633 2864 brevi
1655 2796 1742 2864 vide·

403 2902 518 2981 bimus,
550 2905 629 2986 quin
661 2904 704 2969 ad
735 2927 834 2971 unum
864 2903 1035 2971 referenda
1065 2905 1108 2971 sit
1138 2909 1314 2986 auctorem,
1345 2925 1408 2969 non
1440 2902 1573 2970 dubium
1601 2910 1658 2970 est.
1704 2925 1742 2971 ac

403 3011 580 3078 laudantur
603 3016 633 3095 6,
647 3015 691 3082 27
710 3014 864 3079 Aufidius
887 3014 1010 3080 Bassus
1033 3018 1067 3080 et
1091 3010 1247 3081 Claudius
1271 3008 1402 3079 Caesar.
1448 3009 1492 3078 ad
1514 3010 1608 3078 illum
1630 3033 1741 3099 quam-

401 3119 450 3183 vis
464 3140 539 3184 eum
554 3117 662 3185 Plinio
677 3119 758 3186 bene
773 3126 886 3187 notum
901 3120 1001 3187 inisse
1016 3126 1105 3186 certo
1122 3120 1271 3202 sciamus,
1291 3118 1464 3201 confugere
1478 3140 1542 3185 non
1560 3141 1740 3204 possumus.

403 3226 523 3311 quippe
546 3228 603 3310 qui
625 3248 685 3292 neo
707 3228 955 3312 geographicum
977 3248 1059 3311 opus
1082 3226 1299 3311 composuerit
1320 3248 1379 3293 nec
1402 3228 1436 3291 in
1450 3225 1556 3292 indice
1571 3230 1742 3292 anctorum

402 3332 562 3401 laudetur.
621 3332 746 3399 accedit
778 3333 865 3418 quod
899 3335 932 3399 in
964 3334 1098 3419 speciali
1128 3333 1270 3417 quadam
1302 3334 1490 3418 quaestione
1521 3340 1636 3399 auctor
1669 3354 1740 3400 eum

398 3439 530 3505 uidetur
552 3440 680 3505 adiisse.
727 3440 840 3506 eadem
863 3460 983 3523 magna
1004 3462 1044 3505 ex
1064 3446 1159 3526 parte
1174 3440 1218 3506 ad
1232 3438 1408 3506 Claudium
1423 3461 1552 3525 qnoque
1567 3441 1740 3525 pertinent,

400 3547 460 3631 qui
490 3568 687 3631 quamquam
713 3547 747 3612 in
779 3545 885 3612 indice
908 3552 1125 3628 enumeratur,
1148 3552 1257 3611 tamen
1281 3551 1314 3611 et
1335 3548 1405 3631 ipse
1427 3547 1579 3613 historias
1602 3548 1740 3631 scripsit.

403 3653 529 3719 accedit
558 3653 798 3735 gravissimum:
828 3652 884 3719 ille
910 3653 1101 3718 Armeniam
1129 3673 1193 3717 non
1225 3653 1272 3717 eis
1298 3651 1417 3717 finibus
1448 3673 1577 3717 mensus
1609 3654 1741 3737 estqui

402 3763 434 3842 6,
450 3762 491 3830 25
506 3759 705 3826 indicantur:
727 3758 932 3826 latitudinem
947 3759 989 3824 ab
1004 3758 1147 3825 Hiberia
1161 3757 1427 3841 Tigranocertam
1441 3779 1545 3842 usque
1559 3763 1739 3843 computat;

403 3869 435 3946 6,
447 3869 490 3936 26
512 3866 601 3933 ultra
622 3887 727 3949 usqne
749 3867 784 3932 in
805 3865 998 3932 Adiabenen
1019 3865 1100 3930 fines
1122 3864 1343 3950 proferuntur.

514 3971 617 4038 latino
638 3993 713 4039 vero
736 3980 866 4039 auctore
881 3973 1024 4038 Plinium
1039 3993 1135 4039 nsum
1155 3992 1225 4037 esse
1248 3978 1281 4036 et
1303 3973 1375 4056 ipsa
1396 3992 1432 4036 re
1453 3969 1626 4036 verisimile
1642 3970 1693 4035 e'st
1707 3977 1741 4036 et

401 4078 634 4161 comprobetur
648 4080 831 4146 nominibus
847 4079 1009 4147 Siluorum
1028 4082 1059 4160 6,
1073 4082 1116 4150 29
1129 4078 1302 4147 Vallorum
1317 4077 1496 4145 Suavorum
1512 4080 1543 4155 6,
1556 4080 1608 4157 30,
1626 4098 1741 4162 quam-

399 4207 500 4269 quam
522 4184 660 4251 fortasse
683 4193 771 4252 recte
786 4206 872 4252 nuno
887 4186 1095 4253 Detleisenus
1111 4186 1286 4251 secundum
1304 4185 1446 4252 codicem
1461 4184 1494 4250 R
1509 4182 1610 4248 Suari
1624 4183 1737 4249 edidit.

402 4311 487 4374 quae
510 4292 538 4357 si
561 4313 582 4357 a
605 4313 722 4377 graeco
745 4294 903 4377 scriptore
926 4292 1054 4358 Plinius
1077 4292 1276 4379 sumpsisset,
1297 4292 1393 4357 aliter
1420 4295 1582 4358 sonarent.
1627 4310 1740 4356 recen·

401 4398 560 4464 tissimum
582 4405 692 4466 autem
714 4398 897 4465 doctrinam
920 4398 973 4464 bic
994 4398 1088 4465 nobis
1111 4399 1290 4483 proposuit.
1335 4398 1421 4463 unde
1443 4398 1552 4463 omnia
1566 4398 1601 4463 in
1615 4395 1741 4463 Mucia-

402 4525 480 4569 num
511 4506 680 4571 convenire
712 4504 747 4570 in
776 4504 951 4590 propatulo
974 4510 1033 4571 est.
1079 4525 1179 4569 unum
1202 4502 1457 4569 additamentum
1481 4503 1526 4587 (6,
1540 4504 1585 4571 24
1606 4501 1677 4583 fin.)
1700 4522 1741 4567 ex

400 4612 470 4676 eius
501 4611 659 4679 relatione
681 4633 781 4697 snpra
802 4636 834 4697 p.
860 4614 925 4682 166
948 4612 1159 4678 exseruimus.
1197 4612 1240 4677 ad
1264 4611 1403 4677 alterum
1425 4611 1491 4676 iem
1515 4615 1741 4676 convertamus

511 4787 533 4857 1)
550 4804 615 4841 nem
638 4786 678 4841 sic
703 4786 762 4841 fere
783 4785 907 4840 traditur
929 4802 1029 4841 nomen
1052 4788 1078 4855 5,
1088 4786 1122 4842 85
1146 4801 1244 4842 meon
1267 4786 1292 4854 6,
1302 4788 1337 4842 25
1357 4785 1445 4841 soroei
1467 4785 1555 4854 s,129
1574 4799 1674 4849 mosee,
1692 4783 1741 4837 ubi

401 4874 476 4928 inter
493 4873 640 4929 Mucianae
658 4891 692 4928 ea
709 4891 779 4944 gens
797 4880 1040 4940 commemoratur,
1059 4878 1158 4929 contra
1170 4874 1286 4931 Amiroei
1305 4876 1392 4939 6117
1410 4873 1459 4927 ubi
1471 4872 1597 4927 Isidorus
1609 4871 1741 4941 adspersa

400 4979 462 5018 esse
488 4961 562 5016 inire
587 4962 776 5032 probabimus
822 4963 857 5017 de
884 4961 1042 5017 differentia
1067 4966 1160 5017 entem
1187 4964 1297 5018 litterae
1323 4962 1440 5017 initialis
1470 4961 1505 5019 ci.
1534 4961 1622 5029 6,104
1655 4958 1740 5016 Oeelie

401 5052 488 5117 6151
508 5052 586 5108 Ascli
604 5054 630 5123 (e
647 5054 755 5107 Graeco
773 5052 863 5121 fonte)
883 5052 971 5121 12,88
992 5050 1088 5107 Ocilia.
