4275 6025
1001 677 1044 741 25

355 886 508 956 Caesar.
566 888 654 953 illius
689 886 729 953 de
763 887 848 953 bello
881 886 1078 953 Armeniaca
1112 907 1193 970 opus
1222 885 1363 952 Plinium
1398 886 1505 970 ipsum
1538 885 1693 957 evolvisse

355 995 472 1062 statuit
488 994 526 1060 u.
540 995 618 1078 Egli
627 994 665 1077 ¹),
679 1015 737 1060 nos
753 993 848 1059 modo
864 1013 936 1059 cum
956 991 1104 1059 Brunnio
1120 998 1150 1073 5,
1163 995 1206 1062 83
1226 991 1413 1059 Mucianum
1429 994 1692 1079 interposuimus.

356 1102 443 1168 idem
467 1100 507 1166 de
531 1104 645 1183 2180
668 1101 835 1167 Brunnius
858 1121 889 1184 p.
915 1102 958 1169 34
981 1099 1222 1166 demonstravit.
1270 1120 1466 1185 quamquam
1502 1100 1542 1167 de
1569 1100 1692 1168 Seboso

355 1217 510 1291 nugatur.
555 1213 654 1291 atque
677 1208 776 1271 etiam
800 1209 830 1288 6,
843 1210 887 1275 40
911 1226 1003 1272 error
1033 1225 1145 1271 eorum
1178 1205 1361 1290 corrigitur,
1393 1207 1450 1291 qui
1477 1208 1510 1272 in
1534 1207 1694 1274 Armenia

356 1335 409 1380 res
431 1313 578 1398 proxime
601 1334 672 1379 cum
690 1311 873 1380 Corbulone
897 1333 1034 1397 gessere,
1058 1334 1124 1397 quo
1146 1312 1186 1378 de
1202 1311 1272 1378 loco
1286 1317 1373 1378 recte
1388 1313 1512 1380 indicat
1525 1314 1693 1380 Brunnius

356 1442 388 1505 p.
412 1423 465 1490 37.

464 1526 602 1611 denique
623 1526 779 1595 Claudius
795 1527 918 1596 Caesar
941 1527 1063 1593 citatur
1085 1527 1171 1592 inter
1185 1532 1334 1593 auctores
1350 1526 1507 1594 librorum
1530 1531 1560 1598 5.
1583 1532 1614 1599 6.
1639 1532 1692 1600 12.

359 1636 411 1702 13.
435 1633 521 1698 6666
544 1635 747 1718 cognoscitur
770 1654 914 1720 eaquae
938 1632 978 1699 de
1001 1632 1135 1698 coloniis
1157 1653 1178 1699 a
1201 1630 1341 1698 Claudio
1364 1631 1512 1700 deductis
1534 1634 1633 1699 etiam
1658 1635 1694 1700 in

354 1739 446 1806 libris
470 1745 490 1810 3
515 1746 548 1806 et
569 1747 590 1808 4
613 1746 777 1820 notantur,
802 1741 934 1806 minime
956 1761 998 1805 ex
1017 1739 1119 1824 ipsius
1135 1739 1288 1824 operibus
1304 1738 1420 1804 haustu
1437 1759 1515 1809 esse.
1553 1740 1587 1804 in
1602 1739 1694 1806 libris

355 1853 465 1912 autem
488 1851 508 1916 b
533 1852 566 1912 et
588 1850 609 1917 6
633 1854 749 1930 quater
770 1847 938 1913 laudatur:
964 1852 993 1928 5,
1008 1848 1050 1916 63
1074 1845 1115 1911 66
1138 1845 1361 1930 magnitudine
1376 1844 1566 1913 Mareotidis
1589 1847 1693 1924 lacus3

356 1958 386 2035 6,
400 1959 442 2024 27
467 1953 508 2019 de
530 1953 732 2038 longitudine
756 1961 788 2020 et
811 1952 1180 2020 latitudineArmeniae
1202 1953 1341 2029 maioris,
1366 1973 1430 2037 quo
1454 1953 1524 2019 loco
1539 1974 1692 2020 unacum

355 2060 485 2127 Aufidio
509 2059 614 2126 Basso
643 2063 837 2127 nominatur.
891 2081 965 2127 cum
999 2081 1074 2125 vero
1105 2059 1158 2124 hic
1186 2061 1220 2125 in
1249 2059 1355 2127 indice
1384 2080 1450 2126 non
1481 2065 1594 2140 exstet,
1628 2081 1693 2125 non

356 2168 426 2251 ipse
449 2165 615 2232 adhibitus
638 2186 707 2231 esse
737 2165 873 2231 videtur.
926 2162 1104 2230 Claudium
1130 2185 1187 2229 cur
1209 2185 1273 2230 non
1295 2164 1403 2230 Plinio
1434 2172 1563 2250 praesto
1592 2165 1692 2232 fuisse

358 2293 543 2339 censeamus
584 2270 670 2338 inira
708 2292 911 2356 exponemus.
978 2271 1039 2336 hoc
1076 2276 1187 2336 autem
1224 2269 1294 2335 loco
1331 2272 1451 2354 optime
1488 2272 1558 2336 eius
1595 2271 1694 2337 verba

357 2379 529 2446 coniuncta
551 2384 627 2443 eunt
649 2400 722 2456 cum
745 2378 969 2461 descriptione,
994 2376 1051 2442 sed
1075 2378 1159 2455 6,31
1185 2375 1303 2441 ubido
1329 2374 1501 2441 intervallo
1524 2377 1612 2460 quod
1643 2383 1694 2444 est

356 2485 443 2550 inter
465 2484 648 2568 Bosporum
672 2483 882 2552 Cimmerium
905 2483 1126 2568 Caspiumque
1148 2503 1237 2548 mare
1261 2481 1364 2567 deque
1382 2481 1550 2548 Nicatoris
1566 2481 1694 2551 Seleuci

356 2590 489 2657 consilio
511 2596 687 2675 utrumque
710 2591 925 2675 coniungendi
947 2591 1065 2674 agitur,
1093 2590 1171 2673 quin
1204 2590 1273 2654 eius
1305 2589 1526 2654 testimonium
1555 2611 1619 2656 uon
1650 2590 1694 2657 ab

355 2698 448 2764 initio
478 2717 552 2763 cum
582 2697 846 2764 antecedentibus
877 2699 1082 2764 coniunctum
1111 2697 1219 2778 fuerit,
1251 2696 1398 2763 dubitari
1429 2696 1552 2780 nequit.
1606 2695 1695 2781 quod

355 2805 419 2872 nisi
440 2805 489 2869 ita
512 2809 605 2887 esset,
630 2805 842 2872 verberantis
869 2807 977 2869 iterum
1009 2805 1155 2889 anqustiis
1185 2803 1347 2890 insectatur
1369 2803 1448 2867 Ario
1478 2808 1551 2888 post
1575 2801 1694 2870 Claudi

356 2909 575 2994 fragmentum
605 2910 764 2977 collocata
798 2916 913 2990 essent,
954 2910 1074 2995 quippe
1112 2929 1175 2993 quo
1213 2909 1319 2974 minus
1354 2909 1452 2974 etiam
1485 2909 1693 2977 intervallum

357 3015 605 3101 significaretur.

464 3127 533 3185 tum
564 3119 679 3200 o,128
710 3116 750 3181 66
773 3114 927 3182 miraculo
959 3114 1071 3197 aliquo
1101 3112 1242 3197 Tigridis
1272 3119 1306 3179 et
1335 3113 1498 3183 Arsaniae
1531 3115 1621 3183 fluvii
1656 3139 1693 3185 eo

356 3232 489 3292 auctore
511 3226 631 3309 agitur.
676 3222 762 3289 hanc
783 3243 853 3287 rem
875 3220 964 3287 haud
987 3221 1053 3285 seio
1077 3241 1119 3285 au
1147 3219 1244 3285 liceat
1267 3219 1310 3285 ad
1331 3219 1418 3287 idem
1448 3241 1528 3307 opus
1560 3223 1692 3303 referre,

357 3334 447 3419 quod
465 3337 517 3413 12,
531 3336 575 3402 78
590 3331 756 3397 laudatur:
781 3330 929 3395 arborem
953 3328 1117 3413 quandam
1131 3326 1309 3394 Arabicam
1325 3352 1392 3392 cum
1406 3329 1550 3392 miraculo
1564 3329 1695 3393 iotam

357 3438 469 3505 Claudi
493 3437 633 3504 06666116
650 3438 866 3525 praedicatam.
912 3434 1024 3501 eodem
1047 3435 1188 3518 pertinet
1210 3435 1325 3517 procul
1347 3436 1443 3501 dubio
1474 3435 1564 3501 aliud
1595 3436 1695 3502 mira-

355 3546 465 3613 culum
497 3549 528 3625 7,
546 3544 635 3631 35²).
692 3565 776 3629 quae
810 3563 883 3609 cum
917 3544 965 3609 ita
998 3542 1073 3625 sint,
1108 3540 1247 3608 fortasse
1280 3542 1466 3608 coniectura
1498 3559 1563 3608 non
1598 3544 1694 3609 nimis

355 3654 472 3721 audaci
494 3653 622 3737 reliqua
645 3673 774 3737 quoque
796 3650 839 3717 ad
863 3649 1017 3716 historiae
1039 3648 1232 3729 referuntur,
1267 3670 1351 3734 quae
1382 3658 1431 3715 est
1461 3649 1560 3716 etiam
1581 3647 1694 3715 Petcri

356 3759 561 3846 sententia8).
608 3781 683 3825 nam
707 3759 747 3825 de
770 3757 984 3844 geographico
1007 3777 1103 3840 opere
1125 3756 1195 3821 eius
1216 3756 1264 3821 nil
1278 3758 1404 3822 ecimus.
1450 3757 1556 3841 ipsum
1572 3755 1693 3824 librum

355 3863 500 3931 Plinium
522 3863 671 3930 manibus
695 3866 834 3931 tenuisse
857 3886 921 3930 non
944 3863 1011 3928 veri
1034 3861 1139 3929 simile
1162 3865 1218 3926 est.
1265 3860 1324 3926 sed
1353 3862 1381 3926 ei
1414 3861 1609 3946 quaerimus,
1642 3863 1694 3928 cui

357 3968 540 4038 Claudiana
563 3970 753 4054 debeantur,
777 3970 864 4036 ultro
887 3970 1028 4036 occurrit
1050 3968 1231 4046 Mucianus,
1263 3968 1320 4051 qui
1351 3965 1392 4034 de
1415 3967 1573 4034 Armenia
1604 3970 1692 4053 prin·

356 4075 469 4160 cipalis
499 4075 587 4140 Plini
617 4083 732 4141 auctor
761 4075 869 4162 fuit4).
915 4075 999 4141 adde
1030 4074 1118 4160 quod
1148 4075 1253 4140 vicina
1278 4075 1456 4140 Mucianeis
1486 4073 1544 4140 illa
1570 4076 1694 4143 inveni·

355 4187 466 4249 untur.

460 4286 625 4354 Romanos
648 4292 796 4353 auctores
822 4286 1091 4372 percucurrimus,
1114 4287 1180 4353 iam
1205 4282 1348 4351 Graecos
1372 4284 1609 4370 adgrediamur.
1655 4312 1694 4358 ac

355 4393 498 4477 primum
533 4392 665 4476 quidem
696 4392 786 4457 illum
817 4386 983 4475 α’νωνύμου
1020 4392 1096 4478 περὶ
1134 4389 1239 4477 νήσων
1272 4390 1392 4457 librum
1430 4396 1693 4481 contemplemur,

465 4604 486 4675 ¹)
504 4602 637 4675 baraca
654 4603 687 4661 ia
698 4603 846 4659 Armenian
863 4619 915 4659 oon
932 4604 1040 4657 41-63
1053 4620 1081 4658 6.
1094 4601 1157 4660 Cbr.
1195 4602 1366 4677 (Bidinqcra
1382 4603 1627 4678 vuarmatiam
1643 4624 1696 4663 sur

355 4691 507 4749 romaum
524 4692 778 4765 Kaiserqeecbicbtc
795 4692 810 4748 1
834 4693 916 4761 1868)
938 4708 966 4761 p.
985 4692 1084 4761 337eq.
1121 4693 1146 4746 si
1167 4694 1251 4748 modo
1275 4694 1334 4748 eius
1356 4694 1441 4751 verba
1458 4699 1534 4749 recte
1552 4694 1694 4767 intellego.

355 4796 422 4835 nam
438 4782 578 4837 Brunnius
597 4783 765 4839 contrarium
784 4783 849 4838 inde
867 4780 967 4837 olfecit

465 4870 488 4941 1)
505 4888 572 4925 num
591 4873 634 4939 13,
644 4873 678 4928 79
698 4891 733 4927 ax
750 4873 823 4927 libro
843 4872 935 4941 aliquo
953 4868 1052 4925 Claudi
1069 4870 1181 4926 fluxemt
1198 4871 1309 4929 haereo.

464 4959 486 5030 ⁸)
505 4958 586 5013 ΕΗΒ
604 4962 674 5019 1683
692 4978 720 5031 p.
740 4962 838 5030 295sq.

464 5050 487 5119 ⁴)
505 5048 559 5103 boc
577 5054 675 5119 postea
693 5047 873 5103 firmabimus.
