<?xml version="1.0" encoding="UTF-8"?>
<!DOCTYPE html PUBLIC "-//W3C//DTD XHTML 1.0 Transitional//EN"
    "http://www.w3.org/TR/xhtml1/DTD/xhtml1-transitional.dtd">
<html xmlns="http://www.w3.org/1999/xhtml" xml:lang="en" lang="en">
 <head>
  <title>
</title>
<meta http-equiv="Content-Type" content="text/html;charset=utf-8" />
  <meta name='ocr-system' content='tesseract 3.04.00' />
  <meta name='ocr-capabilities' content='ocr_page ocr_carea ocr_par ocr_line ocrx_word'/>
</head>
<body>
  <div class='ocr_page' id='page_1' title='image "./quaestionesplin00klotgoog_0127.png"; bbox 0 0 4275 6025; ppageno 0'>
   <div class='ocr_carea' id='block_1_1' title="bbox 1020 741 1085 806">
    <p class='ocr_par' dir='ltr' id='par_1_1' title="bbox 1020 741 1085 806">
     <span class='ocr_line' id='line_1_1' title="bbox 1020 741 1085 806; baseline 0.031 -2"><span class='ocrx_word' id='word_1_1' title='bbox 1020 741 1085 806; x_wconf 88' lang='grc'>117</span> 
     </span>
    </p>
   </div>
   <div class='ocr_carea' id='block_1_2' title="bbox 947 830 1157 841">
    <p class='ocr_par' dir='ltr' id='par_1_2' title="bbox 947 830 1157 841">
     <span class='ocr_line' id='line_1_2' title="bbox 947 830 1157 841; baseline 0 -1"><span class='ocrx_word' id='word_1_2' title='bbox 947 830 1157 841; x_wconf 78' lang='lat'>———</span> 
     </span>
    </p>
   </div>
   <div class='ocr_carea' id='block_1_3' title="bbox 384 946 1723 1149">
    <p class='ocr_par' dir='ltr' id='par_1_3' title="bbox 384 946 1723 1149">
     <span class='ocr_line' id='line_1_3' title="bbox 384 946 1723 1041; baseline 0.001 -25"><span class='ocrx_word' id='word_1_3' title='bbox 384 951 507 1031; x_wconf 84' lang='grc' dir='ltr'><strong><em>κόλπος</em></strong></span> <span class='ocrx_word' id='word_1_4' title='bbox 540 951 606 1035; x_wconf 74' lang='grc' dir='ltr'><em>ἔχει</em></span> <span class='ocrx_word' id='word_1_5' title='bbox 639 954 817 1041; x_wconf 79' lang='grc' dir='ltr'><strong><em>περίπλουν</em></strong></span> <span class='ocrx_word' id='word_1_6' title='bbox 849 948 1017 1038; x_wconf 75' lang='grc' dir='ltr'><strong><em>ἀξιόλογον</em></strong></span> <span class='ocrx_word' id='word_1_7' title='bbox 1050 955 1167 1036; x_wconf 80' lang='grc' dir='ltr'><em>μιλίων</em></span> <span class='ocrx_word' id='word_1_8' title='bbox 1200 952 1370 1019; x_wconf 79' lang='grc' dir='ltr'><strong><em>διακοσίων</em></strong></span> <span class='ocrx_word' id='word_1_9' title='bbox 1402 950 1646 1039; x_wconf 77' lang='grc' dir='ltr'><strong><em>τετταράκοντα,</em></strong></span> <span class='ocrx_word' id='word_1_10' title='bbox 1678 946 1723 1031; x_wconf 85' lang='grc' dir='ltr'>ὡς</span> 
     </span>
     <span class='ocr_line' id='line_1_4' title="bbox 384 1055 1721 1149; baseline 0.003 -25"><span class='ocrx_word' id='word_1_11' title='bbox 384 1055 402 1124; x_wconf 84' lang='grc' dir='ltr'>ὁ</span> <span class='ocrx_word' id='word_1_12' title='bbox 433 1056 642 1146; x_wconf 79' lang='grc' dir='ltr'><strong><em>χωρογράφος</em></strong></span> <span class='ocrx_word' id='word_1_13' title='bbox 675 1062 764 1149; x_wconf 78' lang='grc' dir='ltr'><strong><em>φησί.</em></strong></span> <span class='ocrx_word' id='word_1_14' title='bbox 819 1059 874 1125; x_wconf 88' lang='lat' dir='ltr'>sed</span> <span class='ocrx_word' id='word_1_15' title='bbox 908 1079 1017 1126; x_wconf 90' lang='lat' dir='ltr'>merae</span> <span class='ocrx_word' id='word_1_16' title='bbox 1050 1059 1194 1126; x_wconf 90' lang='lat' dir='ltr'>libidinis</span> <span class='ocrx_word' id='word_1_17' title='bbox 1232 1065 1282 1125; x_wconf 89' lang='lat' dir='ltr'>est</span> <span class='ocrx_word' id='word_1_18' title='bbox 1318 1060 1396 1125; x_wconf 89' lang='lat' dir='ltr'>huic</span> <span class='ocrx_word' id='word_1_19' title='bbox 1433 1080 1567 1133; x_wconf 86' lang='lat' dir='ltr'>numero</span> <span class='ocrx_word' id='word_1_20' title='bbox 1601 1058 1721 1128; x_wconf 79' lang='lat' dir='ltr'>addere</span> 
     </span>
    </p>
   </div>
   <div class='ocr_carea' id='block_1_4' title="bbox 382 1162 1723 3808">
    <p class='ocr_par' dir='ltr' id='par_1_4' title="bbox 384 1162 1723 2531">
     <span class='ocr_line' id='line_1_5' title="bbox 388 1162 1723 1252; baseline 0.003 -23"><span class='ocrx_word' id='word_1_21' title='bbox 388 1162 644 1252; x_wconf 80' lang='grc' dir='ltr'>&lt;τεσοοὶρων&gt;,</span> <span class='ocrx_word' id='word_1_22' title='bbox 676 1167 758 1232; x_wconf 89' lang='lat' dir='ltr'>sicut</span> <span class='ocrx_word' id='word_1_23' title='bbox 780 1165 988 1233; x_wconf 87' lang='lat' dir='ltr'>Detlefsenus</span> <span class='ocrx_word' id='word_1_24' title='bbox 999 1165 1023 1247; x_wconf 75' lang='grc'>1)</span> <span class='ocrx_word' id='word_1_25' title='bbox 1054 1166 1232 1251; x_wconf 86' lang='lat' dir='ltr'>proposuit</span> <span class='ocrx_word' id='word_1_26' title='bbox 1278 1187 1343 1250; x_wconf 91' lang='lat' dir='ltr'>qua</span> <span class='ocrx_word' id='word_1_27' title='bbox 1374 1187 1411 1233; x_wconf 90' lang='lat' dir='ltr'>re</span> <span class='ocrx_word' id='word_1_28' title='bbox 1440 1172 1611 1235; x_wconf 88' lang='lat' dir='ltr'>accuratus</span> <span class='ocrx_word' id='word_1_29' title='bbox 1637 1168 1723 1234; x_wconf 89' lang='lat' dir='ltr'>inter</span> 
     </span>
     <span class='ocr_line' id='line_1_6' title="bbox 385 1270 1723 1359; baseline 0.002 -23"><span class='ocrx_word' id='word_1_30' title='bbox 385 1270 593 1359; x_wconf 78' lang='grc' dir='ltr'><strong><em>χωρογράφον</em></strong></span> <span class='ocrx_word' id='word_1_31' title='bbox 616 1280 649 1339; x_wconf 89' lang='lat' dir='ltr'>et</span> <span class='ocrx_word' id='word_1_32' title='bbox 671 1272 758 1339; x_wconf 85' lang='lat' dir='ltr'>Plini</span> <span class='ocrx_word' id='word_1_33' title='bbox 780 1294 947 1340; x_wconf 76' lang='lat' dir='ltr'>mensuras</span> <span class='ocrx_word' id='word_1_34' title='bbox 970 1274 1127 1358; x_wconf 79' lang='lat' dir='ltr'><strong>speciales</strong></span> <span class='ocrx_word' id='word_1_35' title='bbox 1150 1294 1323 1341; x_wconf 75' lang='lat' dir='ltr'><strong>consensus</strong></span> <span class='ocrx_word' id='word_1_36' title='bbox 1344 1275 1465 1343; x_wconf 77' lang='lat' dir='ltr'><strong>existit.</strong></span> <span class='ocrx_word' id='word_1_37' title='bbox 1514 1278 1550 1339; x_wconf 90' lang='lat' dir='ltr'>at</span> <span class='ocrx_word' id='word_1_38' title='bbox 1571 1294 1636 1339; x_wconf 90' lang='lat' dir='ltr'>nou</span> <span class='ocrx_word' id='word_1_39' title='bbox 1658 1272 1723 1339; x_wconf 90' lang='lat' dir='ltr'>sol-</span> 
     </span>
     <span class='ocr_line' id='line_1_7' title="bbox 386 1370 1723 1469; baseline 0.001 -25"><span class='ocrx_word' id='word_1_40' title='bbox 386 1380 475 1444; x_wconf 87' lang='lat' dir='ltr'>vitur</span> <span class='ocrx_word' id='word_1_41' title='bbox 498 1378 682 1446; x_wconf 86' lang='lat' dir='ltr'>differentia</span> <span class='ocrx_word' id='word_1_42' title='bbox 703 1381 788 1447; x_wconf 89' lang='lat' dir='ltr'>inter</span> <span class='ocrx_word' id='word_1_43' title='bbox 811 1381 995 1466; x_wconf 77' lang='lat' dir='ltr'>generalem</span> <span class='ocrx_word' id='word_1_44' title='bbox 1018 1402 1202 1447; x_wconf 89' lang='lat' dir='ltr'>mensuram</span> <span class='ocrx_word' id='word_1_45' title='bbox 1225 1370 1340 1469; x_wconf 67' lang='lat' dir='ltr'><em>(CUI)</em></span> <span class='ocrx_word' id='word_1_46' title='bbox 1365 1385 1398 1448; x_wconf 88' lang='lat' dir='ltr'>et</span> <span class='ocrx_word' id='word_1_47' title='bbox 1420 1380 1586 1466; x_wconf 75' lang='lat' dir='ltr'>speciales.</span> <span class='ocrx_word' id='word_1_48' title='bbox 1624 1386 1723 1464; x_wconf 88' lang='lat' dir='ltr'>atque</span> 
     </span>
     <span class='ocr_line' id='line_1_8' title="bbox 386 1484 1722 1572; baseline 0.001 -22"><span class='ocrx_word' id='word_1_49' title='bbox 386 1485 445 1551; x_wconf 91' lang='lat' dir='ltr'>has</span> <span class='ocrx_word' id='word_1_50' title='bbox 468 1484 510 1551; x_wconf 93' lang='lat' dir='ltr'>ab</span> <span class='ocrx_word' id='word_1_51' title='bbox 527 1486 677 1572; x_wconf 81' lang='lat' dir='ltr'><strong>Agrippa</strong></span> <span class='ocrx_word' id='word_1_52' title='bbox 699 1486 820 1555; x_wconf 88' lang='lat' dir='ltr'>alienas</span> <span class='ocrx_word' id='word_1_53' title='bbox 836 1507 906 1554; x_wconf 90' lang='lat' dir='ltr'>esse</span> <span class='ocrx_word' id='word_1_54' title='bbox 921 1508 959 1553; x_wconf 91' lang='lat' dir='ltr'>eo</span> <span class='ocrx_word' id='word_1_55' title='bbox 979 1488 1049 1572; x_wconf 87' lang='lat' dir='ltr'>ipso</span> <span class='ocrx_word' id='word_1_56' title='bbox 1072 1488 1201 1554; x_wconf 88' lang='lat' dir='ltr'>nomine</span> <span class='ocrx_word' id='word_1_57' title='bbox 1215 1485 1326 1553; x_wconf 88' lang='lat' dir='ltr'>Acrae</span> <span class='ocrx_word' id='word_1_58' title='bbox 1340 1487 1496 1571; x_wconf 72' lang='lat' dir='ltr'>Iapygiae</span> <span class='ocrx_word' id='word_1_59' title='bbox 1512 1486 1722 1553; x_wconf 77' lang='lat' dir='ltr'>concluserim</span> 
     </span>
     <span class='ocr_line' id='line_1_9' title="bbox 387 1590 1723 1679; baseline -0.005 -16"><span class='ocrx_word' id='word_1_60' title='bbox 387 1595 505 1671; x_wconf 88' lang='grc'>3,100.</span> <span class='ocrx_word' id='word_1_61' title='bbox 552 1615 628 1659; x_wconf 88' lang='lat' dir='ltr'>nam</span> <span class='ocrx_word' id='word_1_62' title='bbox 651 1594 707 1661; x_wconf 88' lang='lat' dir='ltr'>ille</span> <span class='ocrx_word' id='word_1_63' title='bbox 728 1594 848 1661; x_wconf 84' lang='lat' dir='ltr'>Latino</span> <span class='ocrx_word' id='word_1_64' title='bbox 879 1595 984 1661; x_wconf 88' lang='lat' dir='ltr'>utitur</span> <span class='ocrx_word' id='word_1_65' title='bbox 1016 1595 1145 1661; x_wconf 88' lang='lat' dir='ltr'>nomine</span> <span class='ocrx_word' id='word_1_66' title='bbox 1176 1594 1382 1679; x_wconf 84' lang='lat' dir='ltr'>promunturi</span> <span class='ocrx_word' id='word_1_67' title='bbox 1409 1593 1592 1662; x_wconf 86' lang='lat' dir='ltr'>Sallentini.</span> <span class='ocrx_word' id='word_1_68' title='bbox 1639 1590 1723 1657; x_wconf 89' lang='lat' dir='ltr'>adde</span> 
     </span>
     <span class='ocr_line' id='line_1_10' title="bbox 386 1691 1721 1785; baseline -0.002 -20"><span class='ocrx_word' id='word_1_69' title='bbox 386 1698 473 1783; x_wconf 89' lang='lat' dir='ltr'>quod</span> <span class='ocrx_word' id='word_1_70' title='bbox 495 1699 552 1766; x_wconf 89' lang='lat' dir='ltr'>illa</span> <span class='ocrx_word' id='word_1_71' title='bbox 572 1691 663 1767; x_wconf 66' lang='lat' dir='ltr'>CUI]</span> <span class='ocrx_word' id='word_1_72' title='bbox 685 1701 774 1767; x_wconf 90' lang='lat' dir='ltr'>nullo</span> <span class='ocrx_word' id='word_1_73' title='bbox 797 1702 892 1767; x_wconf 92' lang='lat' dir='ltr'>modo</span> <span class='ocrx_word' id='word_1_74' title='bbox 915 1712 988 1768; x_wconf 87' lang='lat' dir='ltr'>cum</span> <span class='ocrx_word' id='word_1_75' title='bbox 1011 1723 1049 1768; x_wconf 92' lang='lat' dir='ltr'>eo</span> <span class='ocrx_word' id='word_1_76' title='bbox 1073 1708 1263 1785; x_wconf 87' lang='lat' dir='ltr'>congruunt.</span> <span class='ocrx_word' id='word_1_77' title='bbox 1310 1702 1421 1785; x_wconf 89' lang='lat' dir='ltr'>itaque</span> <span class='ocrx_word' id='word_1_78' title='bbox 1452 1720 1491 1766; x_wconf 89' lang='lat' dir='ltr'>ca</span> <span class='ocrx_word' id='word_1_79' title='bbox 1523 1720 1621 1783; x_wconf 91' lang='lat' dir='ltr'>quam</span> <span class='ocrx_word' id='word_1_80' title='bbox 1647 1719 1721 1783; x_wconf 90' lang='lat' dir='ltr'>pro·</span> 
     </span>
     <span class='ocr_line' id='line_1_11' title="bbox 385 1804 1722 1891; baseline -0.003 -18"><span class='ocrx_word' id='word_1_81' title='bbox 385 1806 487 1891; x_wconf 87' lang='lat' dir='ltr'>posui,</span> <span class='ocrx_word' id='word_1_82' title='bbox 511 1807 595 1873; x_wconf 88' lang='lat' dir='ltr'>ratio</span> <span class='ocrx_word' id='word_1_83' title='bbox 618 1806 698 1872; x_wconf 93' lang='lat' dir='ltr'>mihi</span> <span class='ocrx_word' id='word_1_84' title='bbox 714 1806 895 1871; x_wconf 85' lang='lat' dir='ltr'>verisimilis</span> <span class='ocrx_word' id='word_1_85' title='bbox 910 1806 1087 1873; x_wconf 83' lang='lat' dir='ltr'><strong>admodum</strong></span> <span class='ocrx_word' id='word_1_86' title='bbox 1102 1806 1243 1877; x_wconf 84' lang='lat' dir='ltr'>videtur.</span> <span class='ocrx_word' id='word_1_87' title='bbox 1277 1804 1462 1890; x_wconf 86' lang='lat' dir='ltr'>Agrippam</span> <span class='ocrx_word' id='word_1_88' title='bbox 1477 1810 1587 1871; x_wconf 89' lang='lat' dir='ltr'>autem</span> <span class='ocrx_word' id='word_1_89' title='bbox 1603 1804 1722 1870; x_wconf 89' lang='lat' dir='ltr'>eisdem</span> 
     </span>
     <span class='ocr_line' id='line_1_12' title="bbox 385 1905 1721 1997; baseline -0.001 -21"><span class='ocrx_word' id='word_1_90' title='bbox 385 1912 544 1978; x_wconf 88' lang='lat' dir='ltr'>mensuris</span> <span class='ocrx_word' id='word_1_91' title='bbox 574 1910 769 1997; x_wconf 84' lang='lat' dir='ltr'>specialibus</span> <span class='ocrx_word' id='word_1_92' title='bbox 800 1932 894 1977; x_wconf 88' lang='lat' dir='ltr'>usum</span> <span class='ocrx_word' id='word_1_93' title='bbox 925 1932 994 1978; x_wconf 90' lang='lat' dir='ltr'>esse</span> <span class='ocrx_word' id='word_1_94' title='bbox 1026 1911 1146 1997; x_wconf 90' lang='lat' dir='ltr'>quibus</span> <span class='ocrx_word' id='word_1_95' title='bbox 1169 1912 1353 1981; x_wconf 89' lang='lat' dir='ltr'>Varronem</span> <span class='ocrx_word' id='word_1_96' title='bbox 1382 1911 1498 1995; x_wconf 87' lang='lat' dir='ltr'>quidni</span> <span class='ocrx_word' id='word_1_97' title='bbox 1527 1905 1721 1976; x_wconf 76' lang='lat' dir='ltr'>concedam?</span> 
     </span>
     <span class='ocr_line' id='line_1_13' title="bbox 384 2014 1722 2104; baseline -0.001 -21"><span class='ocrx_word' id='word_1_98' title='bbox 384 2038 444 2082; x_wconf 92' lang='lat' dir='ltr'>uec</span> <span class='ocrx_word' id='word_1_99' title='bbox 471 2017 538 2083; x_wconf 93' lang='lat' dir='ltr'>ullo</span> <span class='ocrx_word' id='word_1_100' title='bbox 555 2018 659 2084; x_wconf 92' lang='lat' dir='ltr'>modo</span> <span class='ocrx_word' id='word_1_101' title='bbox 690 2019 773 2084; x_wconf 87' lang='lat' dir='ltr'>haec</span> <span class='ocrx_word' id='word_1_102' title='bbox 802 2018 910 2103; x_wconf 91' lang='lat' dir='ltr'>opinio</span> <span class='ocrx_word' id='word_1_103' title='bbox 943 2040 1000 2103; x_wconf 89' lang='lat' dir='ltr'>per</span> <span class='ocrx_word' id='word_1_104' title='bbox 1029 2040 1109 2086; x_wconf 91' lang='lat' dir='ltr'>sea</span> <span class='ocrx_word' id='word_1_105' title='bbox 1137 2018 1369 2104; x_wconf 77' lang='lat' dir='ltr'>probabilitate</span> <span class='ocrx_word' id='word_1_106' title='bbox 1399 2018 1554 2085; x_wconf 90' lang='lat' dir='ltr'>abhorret</span> <span class='ocrx_word' id='word_1_107' title='bbox 1585 2022 1618 2082; x_wconf 90' lang='lat' dir='ltr'>et</span> <span class='ocrx_word' id='word_1_108' title='bbox 1648 2014 1722 2081; x_wconf 91' lang='lat' dir='ltr'>aliis</span> 
     </span>
     <span class='ocr_line' id='line_1_14' title="bbox 386 2114 1722 2211; baseline -0.001 -22"><span class='ocrx_word' id='word_1_109' title='bbox 386 2124 541 2208; x_wconf 86' lang='lat' dir='ltr'>exemplis</span> <span class='ocrx_word' id='word_1_110' title='bbox 564 2124 722 2193; x_wconf 84' lang='lat' dir='ltr'>firmatur.</span> <span class='ocrx_word' id='word_1_111' title='bbox 768 2126 857 2191; x_wconf 84' lang='lat' dir='ltr'>velut</span> <span class='ocrx_word' id='word_1_112' title='bbox 887 2148 959 2192; x_wconf 89' lang='lat' dir='ltr'>cum</span> <span class='ocrx_word' id='word_1_113' title='bbox 983 2130 1014 2207; x_wconf 82' lang='lat'>4,</span> <span class='ocrx_word' id='word_1_114' title='bbox 1028 2129 1072 2195; x_wconf 98' lang='grc'>50</span> <span class='ocrx_word' id='word_1_115' title='bbox 1096 2126 1245 2211; x_wconf 85' lang='lat' dir='ltr'>Agrippa</span> <span class='ocrx_word' id='word_1_116' title='bbox 1275 2125 1362 2191; x_wconf 87' lang='lat' dir='ltr'>idem</span> <span class='ocrx_word' id='word_1_117' title='bbox 1392 2126 1533 2210; x_wconf 90' lang='lat' dir='ltr'>spatium</span> <span class='ocrx_word' id='word_1_118' title='bbox 1556 2114 1722 2191; x_wconf 65' lang='lat' dir='ltr'><strong>133*OE</strong></span> 
     </span>
     <span class='ocr_line' id='line_1_15' title="bbox 386 2222 1722 2317; baseline 0 -22"><span class='ocrx_word' id='word_1_119' title='bbox 386 2235 560 2314; x_wconf 79' lang='lat' dir='ltr'>computat,</span> <span class='ocrx_word' id='word_1_120' title='bbox 593 2230 682 2315; x_wconf 87' lang='lat' dir='ltr'>quod</span> <span class='ocrx_word' id='word_1_121' title='bbox 708 2232 742 2297; x_wconf 94' lang='lat' dir='ltr'>in</span> <span class='ocrx_word' id='word_1_122' title='bbox 764 2233 923 2317; x_wconf 88' lang='lat' dir='ltr'>periegesi</span> <span class='ocrx_word' id='word_1_123' title='bbox 937 2222 1098 2301; x_wconf 55' lang='lat' dir='ltr'>DCC-XI</span> <span class='ocrx_word' id='word_1_124' title='bbox 1128 2239 1178 2300; x_wconf 91' lang='lat' dir='ltr'>est</span> <span class='ocrx_word' id='word_1_125' title='bbox 1209 2237 1241 2311; x_wconf 86' lang='lat'>4,</span> <span class='ocrx_word' id='word_1_126' title='bbox 1254 2236 1309 2311; x_wconf 78' lang='lat'>46,</span> <span class='ocrx_word' id='word_1_127' title='bbox 1340 2238 1516 2314; x_wconf 89' lang='lat' dir='ltr'>utrumque</span> <span class='ocrx_word' id='word_1_128' title='bbox 1546 2230 1722 2297; x_wconf 88' lang='lat' dir='ltr'>itinerariis</span> 
     </span>
     <span class='ocr_line' id='line_1_16' title="bbox 386 2335 1722 2425; baseline 0 -24"><span class='ocrx_word' id='word_1_129' title='bbox 386 2356 480 2402; x_wconf 87' lang='lat' dir='ltr'>usum</span> <span class='ocrx_word' id='word_1_130' title='bbox 503 2358 573 2404; x_wconf 88' lang='lat' dir='ltr'>esse</span> <span class='ocrx_word' id='word_1_131' title='bbox 587 2343 733 2423; x_wconf 86' lang='lat' dir='ltr'>apparet.</span> <span class='ocrx_word' id='word_1_132' title='bbox 767 2338 802 2407; x_wconf 89' lang='lat' dir='ltr'>id</span> <span class='ocrx_word' id='word_1_133' title='bbox 817 2340 903 2423; x_wconf 88' lang='lat' dir='ltr'>quod</span> <span class='ocrx_word' id='word_1_134' title='bbox 922 2340 963 2405; x_wconf 91' lang='lat' dir='ltr'>de</span> <span class='ocrx_word' id='word_1_135' title='bbox 977 2340 1130 2425; x_wconf 85' lang='lat' dir='ltr'><strong>Agrippa</strong></span> <span class='ocrx_word' id='word_1_136' title='bbox 1146 2345 1240 2405; x_wconf 86' lang='lat' dir='ltr'>extra</span> <span class='ocrx_word' id='word_1_137' title='bbox 1254 2339 1493 2406; x_wconf 78' lang='lat' dir='ltr'>dubitationem</span> <span class='ocrx_word' id='word_1_138' title='bbox 1508 2341 1558 2403; x_wconf 88' lang='lat' dir='ltr'>est</span> <span class='ocrx_word' id='word_1_139' title='bbox 1572 2335 1722 2402; x_wconf 86' lang='lat' dir='ltr'>Partsebi</span> 
     </span>
     <span class='ocr_line' id='line_1_17' title="bbox 386 2442 1216 2531; baseline 0.007 -23"><span class='ocrx_word' id='word_1_140' title='bbox 386 2442 553 2529; x_wconf 74' lang='lat' dir='ltr'>merito⁹);</span> <span class='ocrx_word' id='word_1_141' title='bbox 577 2443 617 2510; x_wconf 89' lang='lat' dir='ltr'>de</span> <span class='ocrx_word' id='word_1_142' title='bbox 642 2444 791 2514; x_wconf 87' lang='lat' dir='ltr'>Varrone</span> <span class='ocrx_word' id='word_1_143' title='bbox 814 2466 871 2511; x_wconf 92' lang='lat' dir='ltr'>cur</span> <span class='ocrx_word' id='word_1_144' title='bbox 894 2465 1047 2531; x_wconf 87' lang='lat' dir='ltr'>negemus</span> <span class='ocrx_word' id='word_1_145' title='bbox 1071 2468 1134 2512; x_wconf 94' lang='lat' dir='ltr'>nou</span> <span class='ocrx_word' id='word_1_146' title='bbox 1158 2451 1216 2515; x_wconf 87' lang='lat' dir='ltr'>est.</span> 
     </span>
    </p>

    <p class='ocr_par' dir='ltr' id='par_1_5' title="bbox 385 2549 1723 3577">
     <span class='ocr_line' id='line_1_18' title="bbox 504 2549 1722 2636; baseline -0.002 -22"><span class='ocrx_word' id='word_1_147' title='bbox 504 2549 577 2616; x_wconf 90' lang='lat' dir='ltr'>dein</span> <span class='ocrx_word' id='word_1_148' title='bbox 601 2550 780 2635; x_wconf 88' lang='lat' dir='ltr'>procedunt</span> <span class='ocrx_word' id='word_1_149' title='bbox 796 2554 904 2630; x_wconf 91' lang='grc'>3,100</span> <span class='ocrx_word' id='word_1_150' title='bbox 919 2573 1091 2619; x_wconf 87' lang='lat' dir='ltr'>mensurae</span> <span class='ocrx_word' id='word_1_151' title='bbox 1105 2552 1148 2617; x_wconf 87' lang='lat' dir='ltr'>ab</span> <span class='ocrx_word' id='word_1_152' title='bbox 1163 2550 1255 2617; x_wconf 90' lang='lat' dir='ltr'>Acra</span> <span class='ocrx_word' id='word_1_153' title='bbox 1275 2550 1427 2636; x_wconf 86' lang='lat' dir='ltr'>Iapygia:</span> <span class='ocrx_word' id='word_1_154' title='bbox 1451 2549 1490 2612; x_wconf 85' lang='lat' dir='ltr'>ab</span> <span class='ocrx_word' id='word_1_155' title='bbox 1512 2570 1545 2613; x_wconf 86' lang='lat' dir='ltr'>so</span> <span class='ocrx_word' id='word_1_156' title='bbox 1559 2560 1722 2633; x_wconf 67' lang='lat' dir='ltr'>(promun-</span> 
     </span>
     <span class='ocr_line' id='line_1_19' title="bbox 385 2652 1723 2743; baseline -0.002 -25"><span class='ocrx_word' id='word_1_157' title='bbox 385 2655 512 2739; x_wconf 87' lang='lat' dir='ltr'>turio).</span> <span class='ocrx_word' id='word_1_158' title='bbox 530 2704 539 2720; x_wconf 86' lang='lat'><strong>.</strong></span> <span class='ocrx_word' id='word_1_159' title='bbox 563 2654 762 2741; x_wconf 75' lang='lat' dir='ltr'>Hydruntum</span> <span class='ocrx_word' id='word_1_160' title='bbox 784 2658 881 2721; x_wconf 84' lang='lat' dir='ltr'>decem</span> <span class='ocrx_word' id='word_1_161' title='bbox 903 2668 931 2721; x_wconf 85' lang='lat' dir='ltr'>st</span> <span class='ocrx_word' id='word_1_162' title='bbox 952 2679 1055 2721; x_wconf 83' lang='lat' dir='ltr'>uocem</span> <span class='ocrx_word' id='word_1_163' title='bbox 1077 2657 1164 2721; x_wconf 83' lang='lat' dir='ltr'>milio</span> <span class='ocrx_word' id='word_1_164' title='bbox 1189 2680 1348 2743; x_wconf 71' lang='lat' dir='ltr'>purarum,</span> <span class='ocrx_word' id='word_1_165' title='bbox 1387 2659 1494 2735; x_wconf 89' lang='grc'>3,101</span> <span class='ocrx_word' id='word_1_166' title='bbox 1519 2652 1723 2718; x_wconf 67' lang='lat' dir='ltr'>mammam</span> 
     </span>
     <span class='ocr_line' id='line_1_20' title="bbox 385 2751 1723 2848; baseline 0.001 -24"><span class='ocrx_word' id='word_1_167' title='bbox 385 2751 425 2824; x_wconf 72' lang='grc' dir='ltr'>ἶ</span> <span class='ocrx_word' id='word_1_168' title='bbox 444 2785 477 2848; x_wconf 84' lang='lat' dir='ltr'>p.</span> <span class='ocrx_word' id='word_1_169' title='bbox 511 2761 550 2824; x_wconf 88' lang='lat' dir='ltr'>ab</span> <span class='ocrx_word' id='word_1_170' title='bbox 572 2760 743 2847; x_wconf 75' lang='lat' dir='ltr'>Hydrunte.</span> <span class='ocrx_word' id='word_1_171' title='bbox 788 2764 848 2830; x_wconf 93' lang='lat' dir='ltr'>has</span> <span class='ocrx_word' id='word_1_172' title='bbox 882 2784 1048 2829; x_wconf 90' lang='lat' dir='ltr'>mensuras</span> <span class='ocrx_word' id='word_1_173' title='bbox 1081 2762 1224 2832; x_wconf 90' lang='lat' dir='ltr'>Varroni</span> <span class='ocrx_word' id='word_1_174' title='bbox 1253 2761 1367 2829; x_wconf 88' lang='lat' dir='ltr'>deberi</span> <span class='ocrx_word' id='word_1_175' title='bbox 1400 2760 1522 2827; x_wconf 90' lang='lat' dir='ltr'>conicio</span> <span class='ocrx_word' id='word_1_176' title='bbox 1551 2765 1723 2844; x_wconf 89' lang='lat' dir='ltr'>propterea</span> 
     </span>
     <span class='ocr_line' id='line_1_21' title="bbox 386 2863 1723 2955; baseline -0.003 -22"><span class='ocrx_word' id='word_1_177' title='bbox 386 2868 473 2951; x_wconf 91' lang='lat' dir='ltr'>quod</span> <span class='ocrx_word' id='word_1_178' title='bbox 498 2873 531 2933; x_wconf 90' lang='lat' dir='ltr'>et</span> <span class='ocrx_word' id='word_1_179' title='bbox 553 2870 673 2953; x_wconf 90' lang='lat' dir='ltr'>optime</span> <span class='ocrx_word' id='word_1_180' title='bbox 696 2891 769 2935; x_wconf 92' lang='lat' dir='ltr'>cum</span> <span class='ocrx_word' id='word_1_181' title='bbox 791 2870 864 2955; x_wconf 89' lang='lat' dir='ltr'>ipsa</span> <span class='ocrx_word' id='word_1_182' title='bbox 877 2870 966 2935; x_wconf 91' lang='lat' dir='ltr'>Plini</span> <span class='ocrx_word' id='word_1_183' title='bbox 990 2870 1204 2954; x_wconf 83' lang='lat' dir='ltr'>descriptione</span> <span class='ocrx_word' id='word_1_184' title='bbox 1227 2868 1401 2935; x_wconf 90' lang='lat' dir='ltr'>cohaerent</span> <span class='ocrx_word' id='word_1_185' title='bbox 1417 2871 1450 2933; x_wconf 89' lang='lat' dir='ltr'>et</span> <span class='ocrx_word' id='word_1_186' title='bbox 1465 2866 1635 2951; x_wconf 87' lang='lat' dir='ltr'>respicitur</span> <span class='ocrx_word' id='word_1_187' title='bbox 1651 2863 1723 2949; x_wconf 88' lang='lat' dir='ltr'>Hy·</span> 
     </span>
     <span class='ocr_line' id='line_1_22' title="bbox 387 2972 1722 3063; baseline -0.003 -21"><span class='ocrx_word' id='word_1_188' title='bbox 387 2975 553 3059; x_wconf 88' lang='lat' dir='ltr'>drnntum,</span> <span class='ocrx_word' id='word_1_189' title='bbox 578 2976 666 3060; x_wconf 91' lang='lat' dir='ltr'>qnod</span> <span class='ocrx_word' id='word_1_190' title='bbox 688 2976 840 3062; x_wconf 90' lang='lat' dir='ltr'>oppidum</span> <span class='ocrx_word' id='word_1_191' title='bbox 856 2976 929 3063; x_wconf 92' lang='lat' dir='ltr'>plus</span> <span class='ocrx_word' id='word_1_192' title='bbox 945 2998 1008 3044; x_wconf 92' lang='lat' dir='ltr'>uuo</span> <span class='ocrx_word' id='word_1_193' title='bbox 1024 2977 1154 3044; x_wconf 91' lang='lat' dir='ltr'>nomine</span> <span class='ocrx_word' id='word_1_194' title='bbox 1169 2976 1257 3062; x_wconf 89' lang='lat' dir='ltr'>apud</span> <span class='ocrx_word' id='word_1_195' title='bbox 1273 2975 1453 3045; x_wconf 89' lang='lat' dir='ltr'>Varronem</span> <span class='ocrx_word' id='word_1_196' title='bbox 1470 2972 1579 3059; x_wconf 89' lang='lat' dir='ltr'>magni</span> <span class='ocrx_word' id='word_1_197' title='bbox 1593 2972 1722 3039; x_wconf 85' lang='lat' dir='ltr'>videtur</span> 
     </span>
     <span class='ocr_line' id='line_1_23' title="bbox 386 3081 1722 3165; baseline -0.002 -18"><span class='ocrx_word' id='word_1_198' title='bbox 386 3081 487 3148; x_wconf 90' lang='lat' dir='ltr'>fuisse</span> <span class='ocrx_word' id='word_1_199' title='bbox 509 3083 673 3153; x_wconf 87' lang='lat' dir='ltr'>momenti.</span> <span class='ocrx_word' id='word_1_200' title='bbox 717 3105 793 3149; x_wconf 87' lang='lat' dir='ltr'>nam</span> <span class='ocrx_word' id='word_1_201' title='bbox 816 3083 858 3150; x_wconf 88' lang='lat' dir='ltr'>ab</span> <span class='ocrx_word' id='word_1_202' title='bbox 881 3104 919 3150; x_wconf 91' lang='lat' dir='ltr'>eo</span> <span class='ocrx_word' id='word_1_203' title='bbox 942 3084 1045 3150; x_wconf 89' lang='lat' dir='ltr'>currit</span> <span class='ocrx_word' id='word_1_204' title='bbox 1067 3104 1219 3149; x_wconf 90' lang='lat' dir='ltr'>mensura</span> <span class='ocrx_word' id='word_1_205' title='bbox 1234 3082 1442 3153; x_wconf 87' lang='lat' dir='ltr'>Varroniana</span> <span class='ocrx_word' id='word_1_206' title='bbox 1456 3081 1594 3165; x_wconf 76' lang='lat' dir='ltr'>Epirum</span> <span class='ocrx_word' id='word_1_207' title='bbox 1609 3100 1722 3150; x_wconf 86' lang='lat' dir='ltr'>versus</span> 
     </span>
     <span class='ocr_line' id='line_1_24' title="bbox 386 3179 1722 3274; baseline -0.001 -21"><span class='ocrx_word' id='word_1_208' title='bbox 386 3179 422 3253; x_wconf 74' lang='grc' dir='ltr'><strong><em>Ἡ</em></strong></span> <span class='ocrx_word' id='word_1_209' title='bbox 439 3187 479 3258; x_wconf 88' lang='lat' dir='ltr'>cf.</span> <span class='ocrx_word' id='word_1_210' title='bbox 505 3191 535 3272; x_wconf 87' lang='grc'>3,</span> <span class='ocrx_word' id='word_1_211' title='bbox 549 3188 629 3274; x_wconf 61' lang='grc'>451)</span> <span class='ocrx_word' id='word_1_212' title='bbox 654 3194 686 3255; x_wconf 88' lang='lat' dir='ltr'>et</span> <span class='ocrx_word' id='word_1_213' title='bbox 707 3189 754 3255; x_wconf 94' lang='lat' dir='ltr'>ibi</span> <span class='ocrx_word' id='word_1_214' title='bbox 776 3190 949 3257; x_wconf 86' lang='lat' dir='ltr'>discrimen</span> <span class='ocrx_word' id='word_1_215' title='bbox 973 3191 1046 3258; x_wconf 95' lang='lat' dir='ltr'>Ioni</span> <span class='ocrx_word' id='word_1_216' title='bbox 1069 3196 1104 3256; x_wconf 89' lang='lat' dir='ltr'>et</span> <span class='ocrx_word' id='word_1_217' title='bbox 1125 3189 1313 3256; x_wconf 86' lang='lat' dir='ltr'>Hadriatici</span> <span class='ocrx_word' id='word_1_218' title='bbox 1335 3188 1434 3254; x_wconf 91' lang='lat' dir='ltr'>maris</span> <span class='ocrx_word' id='word_1_219' title='bbox 1457 3193 1517 3269; x_wconf 91' lang='lat' dir='ltr'>est,</span> <span class='ocrx_word' id='word_1_220' title='bbox 1548 3185 1589 3251; x_wconf 87' lang='lat' dir='ltr'>cf.</span> <span class='ocrx_word' id='word_1_221' title='bbox 1624 3187 1722 3252; x_wconf 87' lang='lat' dir='ltr'>etiam</span> 
     </span>
     <span class='ocr_line' id='line_1_25' title="bbox 387 3290 1722 3380; baseline -0.006 -15"><span class='ocrx_word' id='word_1_222' title='bbox 387 3297 507 3378; x_wconf 84' lang='lat'><strong>3,150.</strong></span> <span class='ocrx_word' id='word_1_223' title='bbox 546 3297 631 3363; x_wconf 90' lang='lat' dir='ltr'>banc</span> <span class='ocrx_word' id='word_1_224' title='bbox 654 3303 763 3362; x_wconf 89' lang='lat' dir='ltr'>autem</span> <span class='ocrx_word' id='word_1_225' title='bbox 785 3297 993 3380; x_wconf 87' lang='lat' dir='ltr'>partitionem</span> <span class='ocrx_word' id='word_1_226' title='bbox 1009 3297 1147 3363; x_wconf 88' lang='lat' dir='ltr'>marium</span> <span class='ocrx_word' id='word_1_227' title='bbox 1163 3294 1402 3365; x_wconf 86' lang='lat' dir='ltr'>Varronianam</span> <span class='ocrx_word' id='word_1_228' title='bbox 1418 3314 1489 3359; x_wconf 89' lang='lat' dir='ltr'>esse</span> <span class='ocrx_word' id='word_1_229' title='bbox 1509 3313 1583 3359; x_wconf 93' lang='lat' dir='ltr'>cum</span> <span class='ocrx_word' id='word_1_230' title='bbox 1598 3290 1722 3358; x_wconf 87' lang='lat' dir='ltr'>Detlei·</span> 
     </span>
     <span class='ocr_line' id='line_1_26' title="bbox 386 3399 1722 3488; baseline -0.004 -20"><span class='ocrx_word' id='word_1_231' title='bbox 386 3423 463 3469; x_wconf 90' lang='lat' dir='ltr'>seno</span> <span class='ocrx_word' id='word_1_232' title='bbox 471 3401 500 3488; x_wconf 82' lang='lat'>⁴)</span> <span class='ocrx_word' id='word_1_233' title='bbox 535 3405 708 3474; x_wconf 88' lang='lat' dir='ltr'>consentio.</span> <span class='ocrx_word' id='word_1_234' title='bbox 755 3404 877 3487; x_wconf 89' lang='lat' dir='ltr'>duplici</span> <span class='ocrx_word' id='word_1_235' title='bbox 910 3404 1012 3488; x_wconf 84' lang='lat' dir='ltr'>igitur</span> <span class='ocrx_word' id='word_1_236' title='bbox 1045 3404 1172 3470; x_wconf 90' lang='lat' dir='ltr'>ratione</span> <span class='ocrx_word' id='word_1_237' title='bbox 1203 3401 1416 3488; x_wconf 83' lang='lat' dir='ltr'>Hydruntum</span> <span class='ocrx_word' id='word_1_238' title='bbox 1454 3421 1526 3466; x_wconf 89' lang='lat' dir='ltr'>cum</span> <span class='ocrx_word' id='word_1_239' title='bbox 1564 3399 1722 3484; x_wconf 87' lang='lat' dir='ltr'>periegesi</span> 
     </span>
     <span class='ocr_line' id='line_1_27' title="bbox 386 3508 903 3577; baseline 0 -1"><span class='ocrx_word' id='word_1_240' title='bbox 386 3508 596 3577; x_wconf 89' lang='lat' dir='ltr'>Varroniana</span> <span class='ocrx_word' id='word_1_241' title='bbox 618 3510 822 3576; x_wconf 89' lang='lat' dir='ltr'>coniunctum</span> <span class='ocrx_word' id='word_1_242' title='bbox 845 3516 903 3576; x_wconf 91' lang='lat' dir='ltr'>est.</span> 
     </span>
    </p>

    <p class='ocr_par' dir='ltr' id='par_1_6' title="bbox 382 3611 1721 3808">
     <span class='ocr_line' id='line_1_28' title="bbox 497 3611 1721 3703; baseline -0.002 -19"><span class='ocrx_word' id='word_1_243' title='bbox 497 3623 612 3703; x_wconf 89' lang='lat' dir='ltr'>postea</span> <span class='ocrx_word' id='word_1_244' title='bbox 634 3639 747 3684; x_wconf 91' lang='lat' dir='ltr'>rursus</span> <span class='ocrx_word' id='word_1_245' title='bbox 777 3618 892 3702; x_wconf 88' lang='lat' dir='ltr'>incipit</span> <span class='ocrx_word' id='word_1_246' title='bbox 922 3637 1115 3682; x_wconf 87' lang='lat' dir='ltr'>mensuras</span> <span class='ocrx_word' id='word_1_247' title='bbox 1144 3615 1370 3700; x_wconf 88' lang='lat' dir='ltr'>promunturio</span> <span class='ocrx_word' id='word_1_248' title='bbox 1393 3611 1588 3680; x_wconf 84' lang='lat' dir='ltr'>Sallentino:</span> <span class='ocrx_word' id='word_1_249' title='bbox 1612 3613 1721 3693; x_wconf 89' lang='lat'><strong>3,103</strong></span> 
     </span>
     <span class='ocr_line' id='line_1_29' title="bbox 382 3716 1721 3808; baseline -0.004 -21"><span class='ocrx_word' id='word_1_250' title='bbox 382 3724 630 3808; x_wconf 70' lang='lat' dir='ltr'>promunturium</span> <span class='ocrx_word' id='word_1_251' title='bbox 651 3724 760 3786; x_wconf 83' lang='lat' dir='ltr'>mouts&#39;s</span> <span class='ocrx_word' id='word_1_252' title='bbox 787 3720 928 3808; x_wconf 75' lang='lat' dir='ltr'>Geryoni</span> <span class='ocrx_word' id='word_1_253' title='bbox 948 3745 969 3786; x_wconf 89' lang='grc' dir='ltr'><strong><em>ο</em></strong></span> <span class='ocrx_word' id='word_1_254' title='bbox 982 3716 1148 3787; x_wconf 71' lang='lat' dir='ltr'>Sallentino</span> <span class='ocrx_word' id='word_1_255' title='bbox 1169 3723 1228 3786; x_wconf 82' lang='lat' dir='ltr'>siue</span> <span class='ocrx_word' id='word_1_256' title='bbox 1250 3720 1379 3806; x_wconf 75' lang='lat' dir='ltr'>Iupyprb</span> <span class='ocrx_word' id='word_1_257' title='bbox 1395 3717 1638 3784; x_wconf 86' lang='lat' dir='ltr'><em>CCXXXIIII</em></span> <span class='ocrx_word' id='word_1_258' title='bbox 1657 3742 1721 3782; x_wconf 88' lang='lat' dir='ltr'>um·</span> 
     </span>
    </p>
   </div>
   <div class='ocr_carea' id='block_1_5' title="bbox 386 3899 1723 5033">
    <p class='ocr_par' dir='ltr' id='par_1_7' title="bbox 498 3899 716 3968">
     <span class='ocr_line' id='line_1_30' title="bbox 498 3899 716 3968; baseline 0 -13"><span class='ocrx_word' id='word_1_259' title='bbox 498 3901 518 3966; x_wconf 83' lang='grc'>1)</span> <span class='ocrx_word' id='word_1_260' title='bbox 538 3899 605 3955; x_wconf 91' lang='grc'>1901</span> <span class='ocrx_word' id='word_1_261' title='bbox 625 3916 652 3968; x_wconf 87' lang='lat' dir='ltr'>p.</span> <span class='ocrx_word' id='word_1_262' title='bbox 672 3899 716 3956; x_wconf 80' lang='lat'>23.</span> 
     </span>
    </p>

    <p class='ocr_par' dir='ltr' id='par_1_8' title="bbox 496 3987 1169 4061">
     <span class='ocr_line' id='line_1_31' title="bbox 496 3987 1169 4061; baseline 0 -18"><span class='ocrx_word' id='word_1_263' title='bbox 496 3989 517 4058; x_wconf 65' lang='grc'>1)</span> <span class='ocrx_word' id='word_1_264' title='bbox 537 3987 594 4043; x_wconf 81' lang='lat' dir='ltr'>Die</span> <span class='ocrx_word' id='word_1_265' title='bbox 612 3987 817 4061; x_wconf 83' lang='lat' dir='ltr'>Beschres&#39;huup</span> <span class='ocrx_word' id='word_1_266' title='bbox 835 3987 969 4060; x_wconf 82' lang='lat' dir='ltr'>Europos</span> <span class='ocrx_word' id='word_1_267' title='bbox 986 3992 1038 4044; x_wconf 85' lang='lat' dir='ltr'>etc.</span> <span class='ocrx_word' id='word_1_268' title='bbox 1057 3988 1169 4058; x_wconf 88' lang='lat' dir='ltr'>passim.</span> 
     </span>
    </p>

    <p class='ocr_par' dir='ltr' id='par_1_9' title="bbox 386 4071 1723 5033">
     <span class='ocr_line' id='line_1_32' title="bbox 497 4071 1722 4147; baseline -0.007 -14"><span class='ocrx_word' id='word_1_269' title='bbox 497 4077 517 4147; x_wconf 81' lang='lat'>⁸)</span> <span class='ocrx_word' id='word_1_270' title='bbox 537 4076 571 4133; x_wconf 85' lang='lat' dir='ltr'>ci.</span> <span class='ocrx_word' id='word_1_271' title='bbox 590 4075 792 4132; x_wconf 89' lang='lat' dir='ltr'>Oehmicbenus</span> <span class='ocrx_word' id='word_1_272' title='bbox 811 4079 881 4134; x_wconf 92' lang='grc'>1880</span> <span class='ocrx_word' id='word_1_273' title='bbox 900 4096 927 4147; x_wconf 92' lang='lat' dir='ltr'>p.</span> <span class='ocrx_word' id='word_1_274' title='bbox 947 4079 989 4133; x_wconf 81' lang='lat'>23.</span> <span class='ocrx_word' id='word_1_275' title='bbox 1026 4082 1125 4132; x_wconf 84' lang='lat' dir='ltr'>contra</span> <span class='ocrx_word' id='word_1_276' title='bbox 1151 4076 1269 4131; x_wconf 86' lang='lat' dir='ltr'>alteram</span> <span class='ocrx_word' id='word_1_277' title='bbox 1296 4074 1429 4128; x_wconf 85' lang='lat' dir='ltr'>treiectus</span> <span class='ocrx_word' id='word_1_278' title='bbox 1456 4087 1610 4127; x_wconf 86' lang='lat' dir='ltr'>mensuram</span> <span class='ocrx_word' id='word_1_279' title='bbox 1635 4071 1670 4125; x_wconf 90' lang='lat' dir='ltr'>ab</span> <span class='ocrx_word' id='word_1_280' title='bbox 1689 4086 1722 4125; x_wconf 90' lang='lat' dir='ltr'>eo</span> 
     </span>
     <span class='ocr_line' id='line_1_33' title="bbox 387 4160 1723 4233; baseline -0.002 -14"><span class='ocrx_word' id='word_1_281' title='bbox 387 4164 506 4219; x_wconf 79' lang='lat' dir='ltr'>aberam</span> <span class='ocrx_word' id='word_1_282' title='bbox 524 4164 629 4219; x_wconf 90' lang='lat' dir='ltr'>iudico:</span> <span class='ocrx_word' id='word_1_283' title='bbox 648 4163 876 4220; x_wconf 79' lang='lat' dir='ltr'>Brundisium..</span> <span class='ocrx_word' id='word_1_284' title='bbox 895 4165 967 4221; x_wconf 84' lang='lat' dir='ltr'>uelut</span> <span class='ocrx_word' id='word_1_285' title='bbox 984 4165 1097 4221; x_wconf 83' lang='lat' dir='ltr'>certiore</span> <span class='ocrx_word' id='word_1_286' title='bbox 1117 4163 1242 4220; x_wconf 80' lang='lat' dir='ltr'>transitu</span> <span class='ocrx_word' id='word_1_287' title='bbox 1262 4163 1303 4220; x_wconf 84' lang='lat' dir='ltr'>ss&#39;c</span> <span class='ocrx_word' id='word_1_288' title='bbox 1319 4162 1415 4232; x_wconf 78' lang='lat' dir='ltr'>utiquo</span> <span class='ocrx_word' id='word_1_289' title='bbox 1433 4161 1558 4233; x_wconf 68' lang='lat' dir='ltr'>mpure,</span> <span class='ocrx_word' id='word_1_290' title='bbox 1576 4160 1723 4230; x_wconf 68' lang='lat' dir='ltr'>aspare</span> 
     </span>
     <span class='ocr_line' id='line_1_34' title="bbox 386 4247 1721 4323; baseline -0.003 -16"><span class='ocrx_word' id='word_1_291' title='bbox 386 4251 500 4323; x_wconf 74' lang='lat' dir='ltr'>Illyrici</span> <span class='ocrx_word' id='word_1_292' title='bbox 517 4252 583 4307; x_wconf 82' lang='lat' dir='ltr'>urbe</span> <span class='ocrx_word' id='word_1_293' title='bbox 596 4252 756 4309; x_wconf 81' lang='lat' dir='ltr'>Durrachio</span> <span class='ocrx_word' id='word_1_294' title='bbox 777 4247 913 4312; x_wconf 62' lang='lat' dir='ltr'>cem</span> <span class='ocrx_word' id='word_1_295' title='bbox 923 4255 1048 4310; x_wconf 83' lang='lat' dir='ltr'>traiectu.</span> <span class='ocrx_word' id='word_1_296' title='bbox 1075 4271 1140 4308; x_wconf 88' lang='lat' dir='ltr'>nam</span> <span class='ocrx_word' id='word_1_297' title='bbox 1150 4252 1272 4307; x_wconf 86' lang='lat' dir='ltr'>Varroni</span> <span class='ocrx_word' id='word_1_298' title='bbox 1284 4250 1471 4306; x_wconf 86' lang='lat' dir='ltr'>Durrachium</span> <span class='ocrx_word' id='word_1_299' title='bbox 1489 4249 1586 4306; x_wconf 94' lang='lat' dir='ltr'>nonin</span> <span class='ocrx_word' id='word_1_300' title='bbox 1598 4247 1721 4320; x_wconf 80' lang='lat' dir='ltr'>Illyrico,</span> 
     </span>
     <span class='ocr_line' id='line_1_35' title="bbox 387 4337 1722 4414; baseline -0.002 -19"><span class='ocrx_word' id='word_1_301' title='bbox 387 4340 436 4395; x_wconf 89' lang='lat' dir='ltr'>sed</span> <span class='ocrx_word' id='word_1_302' title='bbox 454 4341 483 4395; x_wconf 91' lang='lat' dir='ltr'>in</span> <span class='ocrx_word' id='word_1_303' title='bbox 501 4342 666 4398; x_wconf 82' lang='lat' dir='ltr'>Macedonis</span> <span class='ocrx_word' id='word_1_304' title='bbox 683 4343 766 4396; x_wconf 89' lang='lat' dir='ltr'>situm</span> <span class='ocrx_word' id='word_1_305' title='bbox 785 4348 835 4401; x_wconf 85' lang='lat' dir='ltr'>est.</span> <span class='ocrx_word' id='word_1_306' title='bbox 872 4361 905 4398; x_wconf 84' lang='lat' dir='ltr'>ac</span> <span class='ocrx_word' id='word_1_307' title='bbox 928 4360 963 4398; x_wconf 89' lang='lat' dir='ltr'>ne</span> <span class='ocrx_word' id='word_1_308' title='bbox 987 4343 1041 4398; x_wconf 88' lang='lat' dir='ltr'>boe</span> <span class='ocrx_word' id='word_1_309' title='bbox 1059 4343 1171 4414; x_wconf 87' lang='lat' dir='ltr'>quidem</span> <span class='ocrx_word' id='word_1_310' title='bbox 1189 4342 1301 4398; x_wconf 87' lang='lat' dir='ltr'>videtur</span> <span class='ocrx_word' id='word_1_311' title='bbox 1318 4340 1522 4412; x_wconf 81' lang='lat' dir='ltr'>neglegendum</span> <span class='ocrx_word' id='word_1_312' title='bbox 1539 4337 1586 4392; x_wconf 92' lang='lat' dir='ltr'>bio</span> <span class='ocrx_word' id='word_1_313' title='bbox 1603 4337 1722 4392; x_wconf 86' lang='lat' dir='ltr'>formam</span> 
     </span>
     <span class='ocr_line' id='line_1_36' title="bbox 388 4427 1720 4503; baseline -0.002 -20"><span class='ocrx_word' id='word_1_314' title='bbox 388 4430 423 4484; x_wconf 89' lang='lat' dir='ltr'>sd</span> <span class='ocrx_word' id='word_1_315' title='bbox 442 4429 557 4486; x_wconf 88' lang='lat' dir='ltr'>latinam</span> <span class='ocrx_word' id='word_1_316' title='bbox 575 4430 699 4502; x_wconf 84' lang='lat' dir='ltr'>linguam</span> <span class='ocrx_word' id='word_1_317' title='bbox 712 4433 920 4488; x_wconf 78' lang='lat' dir='ltr'>accomodatum</span> <span class='ocrx_word' id='word_1_318' title='bbox 932 4433 997 4503; x_wconf 85' lang='lat' dir='ltr'>legi,</span> <span class='ocrx_word' id='word_1_319' title='bbox 1017 4434 1043 4494; x_wconf 83' lang='lat'>3,</span> <span class='ocrx_word' id='word_1_320' title='bbox 1053 4434 1105 4488; x_wconf 83' lang='grc'>115</span> <span class='ocrx_word' id='word_1_321' title='bbox 1119 4432 1161 4486; x_wconf 84' lang='lat' dir='ltr'>bis</span> <span class='ocrx_word' id='word_1_322' title='bbox 1174 4432 1203 4486; x_wconf 92' lang='lat' dir='ltr'>in</span> <span class='ocrx_word' id='word_1_323' title='bbox 1215 4431 1352 4502; x_wconf 83' lang='lat' dir='ltr'>periegesi</span> <span class='ocrx_word' id='word_1_324' title='bbox 1363 4444 1504 4501; x_wconf 84' lang='lat' dir='ltr'>graecam:</span> <span class='ocrx_word' id='word_1_325' title='bbox 1523 4427 1720 4499; x_wconf 76' lang='lat' dir='ltr'>Dyrrachium.</span> 
     </span>
     <span class='ocr_line' id='line_1_37' title="bbox 387 4511 1720 4591; baseline -0.002 -19"><span class='ocrx_word' id='word_1_326' title='bbox 387 4518 481 4588; x_wconf 85' lang='lat' dir='ltr'>itaque</span> <span class='ocrx_word' id='word_1_327' title='bbox 498 4519 606 4573; x_wconf 87' lang='lat' dir='ltr'>diarma</span> <span class='ocrx_word' id='word_1_328' title='bbox 625 4525 700 4576; x_wconf 87' lang='lat' dir='ltr'>certe</span> <span class='ocrx_word' id='word_1_329' title='bbox 712 4521 858 4591; x_wconf 87' lang='lat' dir='ltr'>Agrippae</span> <span class='ocrx_word' id='word_1_330' title='bbox 876 4525 926 4577; x_wconf 81' lang='lat' dir='ltr'>est</span> <span class='ocrx_word' id='word_1_331' title='bbox 963 4524 1087 4576; x_wconf 88' lang='lat' dir='ltr'>ceterum</span> <span class='ocrx_word' id='word_1_332' title='bbox 1105 4537 1235 4584; x_wconf 85' lang='lat' dir='ltr'>numerus</span> <span class='ocrx_word' id='word_1_333' title='bbox 1254 4519 1366 4574; x_wconf 89' lang='lat' dir='ltr'>videtur</span> <span class='ocrx_word' id='word_1_334' title='bbox 1382 4511 1409 4572; x_wconf 71' lang='lat' dir='ltr'>D</span> <span class='ocrx_word' id='word_1_335' title='bbox 1425 4517 1588 4572; x_wconf 89' lang='lat' dir='ltr'>minuendus</span> <span class='ocrx_word' id='word_1_336' title='bbox 1608 4517 1641 4570; x_wconf 92' lang='lat' dir='ltr'>cl.</span> <span class='ocrx_word' id='word_1_337' title='bbox 1655 4514 1720 4570; x_wconf 92' lang='lat' dir='ltr'>ltin.</span> 
     </span>
     <span class='ocr_line' id='line_1_38' title="bbox 387 4605 1721 4681; baseline 0 -21"><span class='ocrx_word' id='word_1_338' title='bbox 387 4607 478 4663; x_wconf 83' lang='lat' dir='ltr'>merit.</span> <span class='ocrx_word' id='word_1_339' title='bbox 498 4625 525 4678; x_wconf 93' lang='lat' dir='ltr'>p.</span> <span class='ocrx_word' id='word_1_340' title='bbox 544 4608 597 4664; x_wconf 80' lang='lat'>497</span> <span class='ocrx_word' id='word_1_341' title='bbox 618 4607 706 4663; x_wconf 85' lang='lat' dir='ltr'>Wess.</span> <span class='ocrx_word' id='word_1_342' title='bbox 730 4627 758 4678; x_wconf 93' lang='lat' dir='ltr'>p.</span> <span class='ocrx_word' id='word_1_343' title='bbox 778 4611 830 4666; x_wconf 80' lang='lat'>242</span> <span class='ocrx_word' id='word_1_344' title='bbox 848 4609 926 4664; x_wconf 84' lang='lat' dir='ltr'><strong>P.-P.</strong></span> <span class='ocrx_word' id='word_1_345' title='bbox 945 4609 1100 4666; x_wconf 74' lang='lat' dir='ltr'>Bmmds&#39;es&#39;o</span> <span class='ocrx_word' id='word_1_346' title='bbox 1118 4609 1327 4681; x_wconf 68' lang='lat' dir='ltr'>Dyrrhachium</span> <span class='ocrx_word' id='word_1_347' title='bbox 1351 4610 1548 4679; x_wconf 79' lang='lat' dir='ltr'>computentur</span> <span class='ocrx_word' id='word_1_348' title='bbox 1565 4605 1603 4661; x_wconf 79' lang='lat' dir='ltr'><strong><em>M</em></strong></span> <span class='ocrx_word' id='word_1_349' title='bbox 1616 4605 1721 4661; x_wconf 82' lang='lat' dir='ltr'>studia.</span> 
     </span>
     <span class='ocr_line' id='line_1_39' title="bbox 388 4696 1722 4769; baseline -0.001 -19"><span class='ocrx_word' id='word_1_350' title='bbox 388 4713 458 4766; x_wconf 90' lang='lat' dir='ltr'>quae</span> <span class='ocrx_word' id='word_1_351' title='bbox 475 4713 542 4752; x_wconf 85' lang='lat' dir='ltr'>vero</span> <span class='ocrx_word' id='word_1_352' title='bbox 561 4700 625 4752; x_wconf 90' lang='lat' dir='ltr'>ante</span> <span class='ocrx_word' id='word_1_353' title='bbox 644 4699 732 4767; x_wconf 90' lang='lat' dir='ltr'>ipsam</span> <span class='ocrx_word' id='word_1_354' title='bbox 751 4715 908 4754; x_wconf 86' lang='lat' dir='ltr'>mensuram</span> <span class='ocrx_word' id='word_1_355' title='bbox 925 4699 1064 4769; x_wconf 82' lang='lat' dir='ltr'>leguntur,</span> <span class='ocrx_word' id='word_1_356' title='bbox 1093 4699 1168 4755; x_wconf 87' lang='lat' dir='ltr'>baud</span> <span class='ocrx_word' id='word_1_357' title='bbox 1186 4699 1244 4754; x_wconf 90' lang='lat' dir='ltr'>scio</span> <span class='ocrx_word' id='word_1_358' title='bbox 1262 4716 1298 4753; x_wconf 90' lang='lat' dir='ltr'>an</span> <span class='ocrx_word' id='word_1_359' title='bbox 1322 4703 1398 4755; x_wconf 85' lang='lat' dir='ltr'>recte</span> <span class='ocrx_word' id='word_1_360' title='bbox 1422 4698 1580 4767; x_wconf 86' lang='lat' dir='ltr'>discrepare</span> <span class='ocrx_word' id='word_1_361' title='bbox 1602 4696 1722 4751; x_wconf 91' lang='lat' dir='ltr'>seutiam</span> 
     </span>
     <span class='ocr_line' id='line_1_40' title="bbox 387 4784 1721 4858; baseline 0.004 -19"><span class='ocrx_word' id='word_1_362' title='bbox 387 4784 423 4840; x_wconf 84' lang='lat' dir='ltr'>ab</span> <span class='ocrx_word' id='word_1_363' title='bbox 441 4803 481 4840; x_wconf 88' lang='lat' dir='ltr'>es.</span> <span class='ocrx_word' id='word_1_364' title='bbox 519 4787 698 4856; x_wconf 89' lang='lat' dir='ltr'>nequeenim</span> <span class='ocrx_word' id='word_1_365' title='bbox 717 4787 871 4858; x_wconf 89' lang='lat' dir='ltr'>scripserit:</span> <span class='ocrx_word' id='word_1_366' title='bbox 898 4788 970 4845; x_wconf 84' lang='lat' dir='ltr'>uelut</span> <span class='ocrx_word' id='word_1_367' title='bbox 994 4788 1106 4844; x_wconf 75' lang='lat' dir='ltr'>certiore</span> <span class='ocrx_word' id='word_1_368' title='bbox 1128 4788 1253 4844; x_wconf 71' lang='lat' dir='ltr'>transitu</span> <span class='ocrx_word' id='word_1_369' title='bbox 1274 4787 1315 4843; x_wconf 81' lang='lat' dir='ltr'>sic</span> <span class='ocrx_word' id='word_1_370' title='bbox 1335 4787 1451 4856; x_wconf 76' lang='lat' dir='ltr'>utique</span> <span class='ocrx_word' id='word_1_371' title='bbox 1477 4784 1597 4856; x_wconf 65' lang='lat' dir='ltr'>houmere</span> <span class='ocrx_word' id='word_1_372' title='bbox 1623 4785 1647 4837; x_wconf 76' lang='lat' dir='ltr'>is</span> <span class='ocrx_word' id='word_1_373' title='bbox 1675 4784 1721 4852; x_wconf 83' lang='lat' dir='ltr'>qui</span> 
     </span>
     <span class='ocr_line' id='line_1_41' title="bbox 388 4872 1721 4944; baseline 0.002 -18"><span class='ocrx_word' id='word_1_374' title='bbox 388 4877 517 4929; x_wconf 85' lang='lat' dir='ltr'>accurato</span> <span class='ocrx_word' id='word_1_375' title='bbox 536 4889 650 4928; x_wconf 91' lang='lat' dir='ltr'>numero</span> <span class='ocrx_word' id='word_1_376' title='bbox 669 4892 731 4929; x_wconf 89' lang='lat' dir='ltr'>eum</span> <span class='ocrx_word' id='word_1_377' title='bbox 750 4874 913 4933; x_wconf 86' lang='lat' dir='ltr'>definiturus</span> <span class='ocrx_word' id='word_1_378' title='bbox 932 4879 982 4933; x_wconf 90' lang='lat' dir='ltr'>est.</span> <span class='ocrx_word' id='word_1_379' title='bbox 1008 4875 1122 4936; x_wconf 85' lang='lat' dir='ltr'>¹accedit</span> <span class='ocrx_word' id='word_1_380' title='bbox 1140 4874 1213 4944; x_wconf 90' lang='lat' dir='ltr'>quod</span> <span class='ocrx_word' id='word_1_381' title='bbox 1231 4875 1267 4930; x_wconf 91' lang='lat' dir='ltr'>de</span> <span class='ocrx_word' id='word_1_382' title='bbox 1284 4875 1432 4931; x_wconf 84' lang='lat' dir='ltr'>securitate</span> <span class='ocrx_word' id='word_1_383' title='bbox 1450 4874 1582 4928; x_wconf 80' lang='lat' dir='ltr'>transitus</span> <span class='ocrx_word' id='word_1_384' title='bbox 1596 4872 1721 4942; x_wconf 86' lang='lat' dir='ltr'>Agrippa</span> 
     </span>
     <span class='ocr_line' id='line_1_42' title="bbox 387 4960 1722 5033; baseline -0.001 -17"><span class='ocrx_word' id='word_1_385' title='bbox 387 4960 511 5016; x_wconf 83' lang='lat' dir='ltr'>tabulam</span> <span class='ocrx_word' id='word_1_386' title='bbox 529 4963 633 5032; x_wconf 86' lang='lat' dir='ltr'>pictam</span> <span class='ocrx_word' id='word_1_387' title='bbox 650 4963 843 5032; x_wconf 88' lang='lat' dir='ltr'>propositurus</span> <span class='ocrx_word' id='word_1_388' title='bbox 862 4963 909 5017; x_wconf 84' lang='lat' dir='ltr'>vix</span> <span class='ocrx_word' id='word_1_389' title='bbox 926 4963 1102 5032; x_wconf 85' lang='lat' dir='ltr'>quaesiverit.</span> <span class='ocrx_word' id='word_1_390' title='bbox 1139 4979 1196 5018; x_wconf 93' lang='lat' dir='ltr'>uon</span> <span class='ocrx_word' id='word_1_391' title='bbox 1213 4963 1297 5033; x_wconf 86' lang='lat' dir='ltr'>plane</span> <span class='ocrx_word' id='word_1_392' title='bbox 1314 4961 1416 5017; x_wconf 85' lang='lat' dir='ltr'>similia</span> <span class='ocrx_word' id='word_1_393' title='bbox 1434 4964 1499 5015; x_wconf 90' lang='lat' dir='ltr'>sunt</span> <span class='ocrx_word' id='word_1_394' title='bbox 1510 4976 1581 5030; x_wconf 87' lang='lat' dir='ltr'>quse</span> <span class='ocrx_word' id='word_1_395' title='bbox 1599 4963 1623 5025; x_wconf 86' lang='grc'>6,</span> <span class='ocrx_word' id='word_1_396' title='bbox 1634 4961 1668 5016; x_wconf 87' lang='lat'>39</span> <span class='ocrx_word' id='word_1_397' title='bbox 1687 4978 1722 5015; x_wconf 89' lang='lat' dir='ltr'>ex</span> 
     </span>
    </p>
   </div>
   <div class='ocr_carea' id='block_1_6' title="bbox 388 5051 1362 5213">
    <p class='ocr_par' dir='ltr' id='par_1_10' title="bbox 388 5051 1362 5213">
     <span class='ocr_line' id='line_1_43' title="bbox 388 5051 1362 5123; baseline 0 -18"><span class='ocrx_word' id='word_1_398' title='bbox 388 5067 421 5106; x_wconf 85' lang='lat' dir='ltr'>eo</span> <span class='ocrx_word' id='word_1_399' title='bbox 440 5051 604 5107; x_wconf 83' lang='lat' dir='ltr'>referuntur.</span> <span class='ocrx_word' id='word_1_400' title='bbox 642 5051 815 5106; x_wconf 77' lang='lat' dir='ltr'>Varroniano</span> <span class='ocrx_word' id='word_1_401' title='bbox 833 5053 919 5122; x_wconf 86' lang='lat' dir='ltr'>igitur</span> <span class='ocrx_word' id='word_1_402' title='bbox 937 5070 972 5108; x_wconf 87' lang='lat' dir='ltr'>ex</span> <span class='ocrx_word' id='word_1_403' title='bbox 990 5053 1117 5123; x_wconf 86' lang='lat' dir='ltr'>Agrippa</span> <span class='ocrx_word' id='word_1_404' title='bbox 1135 5054 1273 5122; x_wconf 80' lang='lat' dir='ltr'>completa</span> <span class='ocrx_word' id='word_1_405' title='bbox 1290 5054 1362 5106; x_wconf 91' lang='lat' dir='ltr'>suut.</span> 
     </span>
     <span class='ocr_line' id='line_1_44' title="bbox 496 5138 1044 5213; baseline 0.004 -19"><span class='ocrx_word' id='word_1_406' title='bbox 496 5139 519 5210; x_wconf 85' lang='lat'>⁴)</span> <span class='ocrx_word' id='word_1_407' title='bbox 538 5139 573 5196; x_wconf 85' lang='lat' dir='ltr'>cf.</span> <span class='ocrx_word' id='word_1_408' title='bbox 592 5138 713 5196; x_wconf 84' lang='lat' dir='ltr'>Hermes</span> <span class='ocrx_word' id='word_1_409' title='bbox 732 5141 765 5196; x_wconf 85' lang='lat'>21</span> <span class='ocrx_word' id='word_1_410' title='bbox 786 5139 878 5213; x_wconf 91' lang='grc'>(1886)</span> <span class='ocrx_word' id='word_1_411' title='bbox 897 5158 924 5211; x_wconf 90' lang='lat' dir='ltr'>p.</span> <span class='ocrx_word' id='word_1_412' title='bbox 944 5141 996 5198; x_wconf 78' lang='lat'>255</span> <span class='ocrx_word' id='word_1_413' title='bbox 1004 5158 1044 5211; x_wconf 87' lang='lat' dir='ltr'>sq.</span> 
     </span>
    </p>
   </div>
   <div class='ocr_carea' id='block_1_7' title="bbox 0 0 2143 6020">
    <p class='ocr_par' dir='ltr' id='par_1_11' title="bbox 0 0 2143 6020">
     <span class='ocr_line' id='line_1_45' title="bbox 0 0 2143 6020; baseline 0 0"><span class='ocrx_word' id='word_1_414' title='bbox 0 0 2143 6020; x_wconf 95' lang='lat' dir='ltr'> </span> 
     </span>
    </p>
   </div>
  </div>
 </body>
</html>
