4275 6025
1120 719 1162 784 18

471 921 556 985 met
584 924 824 988 commeruerit.
853 972 861 990 .
891 975 898 990 .
926 947 1012 1012 prtem
1045 930 1137 992 socrui
1165 930 1301 1015 plerique
1331 954 1352 994 u
1388 929 1513 999 &oscis
1546 940 1709 1025 eoumque
1741 962 1808 1026 eqs

469 1026 589 1094 iterum
621 1028 749 1096 eosdem
785 1035 935 1098 auctores
961 1031 1182 1101 circumscribi
1214 1034 1369 1106 videmus.
1426 1060 1511 1125 quae
1543 1044 1652 1127 opinio
1681 1047 1811 1130 egregie

472 1133 681 1202 confirmatur
703 1135 773 1202 loeo
796 1137 938 1222 quodam
960 1140 1093 1206 secundi
1115 1140 1206 1208 libri:
1229 1145 1340 1222 2169
1364 1145 1539 1229 agiturne
1561 1171 1681 1218 oceano
1698 1173 1809 1219 omnes

469 1247 575 1308 terras
599 1241 847 1314 circumfluente.
886 1243 1058 1312 Hannonis
1075 1246 1271 1333 Eudoxique
1290 1249 1408 1318 itinera
1418 1251 1445 1339 1)
1465 1254 1667 1341 adferuntur,
1691 1258 1810 1342 quibns

469 1347 713 1414 meridionalem
747 1355 872 1434 partem
903 1349 1039 1418 Africae
1074 1372 1194 1419 ocearm
1231 1353 1312 1421 allui
1342 1356 1508 1441 probetur,
1536 1358 1694 1429 Indorum
1728 1384 1808 1449 quo·

474 1453 613 1522 rundam
635 1477 735 1541 usque
757 1457 792 1523 in
816 1455 1026 1524 Germaniam
1049 1461 1250 1543 commercio,
1282 1462 1339 1545 qui
1369 1466 1618 1548 tempestatibus
1648 1490 1670 1535 a
1698 1470 1808 1555 patrie

470 1559 571 1627 deleti
588 1563 621 1628 in
634 1559 845 1630 Germaniam
860 1569 964 1631 erant.
999 1564 1075 1630 iude
1086 1565 1169 1630 mari
1184 1568 1430 1651 septentrionali
1445 1570 1612 1659 Europam
1622 1576 1808 1661 Asiamque

469 1666 586 1733 ambiri
609 1666 858 1735 demonstratur.
904 1668 1077 1735 Hannonis
1099 1675 1208 1736 autem
1231 1672 1294 1738 iter
1316 1674 1360 1740 ad
1382 1679 1531 1761 aequoris
1559 1682 1806 1749 continuitatem

467 1773 672 1859 probandam
683 1775 778 1860 plane
788 1773 905 1840 inutile
917 1780 977 1853 est,
990 1775 1052 1840 nisi
1062 1775 1181 1841 iterum
1194 1777 1585 1851 Eudoxeamsententiam
1593 1786 1804 1859 adnectimus.

470 1900 546 1946 nam
561 1879 684 1947 Hanno
706 1881 841 1965 penuria
863 1879 1017 1946 frumenti
1040 1887 1170 1947 coactus
1192 1883 1228 1948 in
1250 1887 1393 1968 patriam
1408 1888 1552 1978 rediitl).
1599 1893 1688 1961 illius
1703 1896 1806 1980 igitur

467 1985 521 2052 hic
551 2007 681 2071 quoqne
708 1986 843 2052 scientia
865 2005 925 2070 per
946 1984 1108 2070 Nepotem
1130 1987 1173 2054 ad
1195 1987 1340 2057 Plinium
1363 1995 1491 2080 perlata
1514 2005 1573 2069 est.
1619 2001 1806 2068 conferendi

469 2098 579 2159 autem
602 2099 678 2158 sunt
700 2112 773 2158 cum
795 2091 856 2158 hoc
877 2092 949 2158 loco
965 2091 1029 2159 duo
1044 2091 1165 2162 Melae:
1190 2099 1221 2176 3,
1234 2100 1278 2167 90
1300 2105 1335 2164 et
1357 2104 1389 2186 3,
1402 2105 1456 2173 35.
1503 2106 1543 2172 de
1566 2107 1685 2193 quibus
1701 2130 1807 2193 nuper

468 2200 536 2284 egit
558 2198 694 2266 Carolus
715 2197 922 2284 wegonem),
948 2201 1005 2284 qui
1026 2201 1205 2269 rectissime
1227 2226 1288 2271 nec
1310 2204 1398 2283 Plin.
1423 2213 1453 2294 2,
1472 2217 1590 2301 lb9sq.
1615 2238 1674 2284 nec
1696 2215 1806 2283 Melae

464 2307 540 2374 illos
563 2307 649 2374 locos
671 2328 712 2373 ex
733 2308 804 2392 ipso
826 2307 956 2392 Nepote
979 2306 1111 2374 fluxisse
1133 2313 1312 2385 contendit.
1358 2342 1435 2388 nam
1449 2320 1592 2386 Plinium
1616 2344 1682 2388 non
1697 2322 1807 2390 Melae

466 2413 587 2480 librum
610 2415 816 2500 exscripsisse
839 2435 877 2482 eo
899 2414 1129 2500 comprobetur
1152 2421 1241 2503 quod
1264 2430 1298 2488 et
1319 2425 1407 2490 Mela
1429 2424 1512 2484 inter
1542 2426 1693 2486 auctores
1725 2428 1804 2494 libri

465 2521 599 2589 ulterius
623 2519 825 2589 desideratur
848 2528 881 2588 et
902 2521 1029 2589 Plinius
1051 2525 1157 2592 multa
1180 2528 1321 2604 exhibet,
1344 2543 1427 2605 qnae
1449 2515 1535 2578 Mela
1557 2533 1623 2577 11011
1651 2528 1800 2607 praebet,

464 2626 554 2694 velut
584 2625 780 2693 Himilconis
810 2628 1008 2696 memoriam.
1060 2636 1199 2715 uterque
1229 2635 1339 2695 autem
1369 2623 1396 2685 si
1425 2614 1562 2703 Nepotis
1593 2618 1714 2687 librum
1745 2626 1799 2692 hic

465 2734 609 2813 adiisset,
632 2735 826 2819 plusquam
848 2734 965 2800 mirum
988 2742 1083 2818 esset,
1107 2741 1280 2815 utrumque
1302 2726 1415 2792 eodem
1436 2727 1507 2794 loco
1522 2726 1667 2812 posuisse
1680 2749 1798 2796 nomen

464 2840 618 2908 auctoris.
663 2847 773 2906 temen
790 2840 954 2925 Wagencr
976 2843 1010 2907 in
1034 2863 1073 2908 eo
1095 2839 1212 2905 nimius
1233 2839 1291 2916 est,
1315 2834 1400 2918 quod
1417 2833 1577 2920 Nepotem
1600 2856 1659 2919 per
1680 2837 1800 2921 prima·

464 2947 549 3015 rium
572 2946 694 3013 fontem
717 2945 759 3011 ad
781 2945 901 3013 Melam
917 2947 1124 3032 Pliniumque
1145 2941 1327 3029 pervenisse
1350 2939 1460 3013 edixit.
1498 2942 1531 3007 id
1547 2938 1634 3026 quod
1650 2938 1690 3006 dc
1708 2941 1799 3011 Mela

463 3052 636 3120 verisimile
659 3038 717 3135 est,
741 3051 783 3118 de
805 3053 910 3119 Plinio
933 3054 1028 3119 aliter
1050 3073 1103 3118 res
1126 3072 1160 3117 se
1182 3049 1290 3117 habet.
1338 3050 1396 3115 sed
1419 3051 1459 3116 de
1482 3049 1569 3116 Mela
1599 3048 1686 3117 inira
1712 3051 1801 3118 uide·

464 3160 617 3243 bimus4),
641 3182 727 3226 nnnc
749 3181 820 3225 cum
843 3159 972 3245 Nepote
995 3158 1087 3226 nobis
1110 3179 1162 3224 res
1186 3162 1245 3224 est.
1292 3162 1396 3223 restat
1418 3159 1518 3242 igitur
1540 3162 1578 3221 ut
1604 3177 1801 3240 quaeramus

463 3268 537 3353 quis
559 3265 666 3331 Plinio
688 3264 874 3350 Nepotiane
897 3266 1162 3351 suppeditaverit.
1209 3262 1349 3329 indicem
1371 3271 1481 3331 autem
1504 3264 1580 3329 libri
1603 3263 1644 3329 II
1666 3266 1694 3329 si
1722 3286 1800 3331 con-

463 3373 667 3451 suluerimus,
697 3372 780 3437 hano
806 3372 1002 3439 inveniemus
1024 3372 1154 3437 seriem:
1182 3370 1216 3435 Τ.
1238 3369 1339 3444 Livio,
1364 3368 1501 3435 Cornelio
1524 3369 1647 3456 Nepote,
1678 3368 1800 3451 Seboso,

466 3476 567 3544 Coelio
611 3479 785 3564 Aotc'pratro.
853 3476 940 3543 unde
983 3478 1102 3544 iterum
1147 3498 1168 3543 a
1211 3476 1305 3543 Livio
1343 3474 1529 3559 Nepotiane
1573 3473 1685 3543 oblata
1729 3498 1799 3543 esse

462 3604 594 3652 00111010.

551 3690 664 3775 itaque
679 3693 851 3775 postquam
863 3690 1003 3774 primum
1014 3690 1145 3775 quidem
1156 3691 1222 3757 alio
1234 3688 1455 3756 intercedente
1467 3689 1623 3773 scriptore
1635 3687 1797 3774 Nepotem

462 3797 621 3880 cognovit,
653 3795 780 3861 Plinius
811 3794 1002 3879 procedente
1032 3815 1130 3880 opere
1153 3797 1260 3881 ipsum
1282 3795 1409 3860 videtur
1435 3794 1563 3874 adiisse,
1595 3794 1653 3861 sed
1683 3796 1732 3862 its
1761 3802 1801 3863 ut

461 3909 535 3989 post
556 3910 704 3971 suctores
727 3902 898 3987 primarios
921 3900 989 3965 eius
1011 3900 1131 3968 librum
1154 3903 1276 3987 legeret
1296 3902 1542 3984 adnotaretque,
1567 3900 1689 3984 siquid
1705 3922 1799 3969 secus

462 4007 653 4073 tradebatur
675 4010 893 4093 memoriaque
917 4008 1050 4092 dignum
1072 4011 1178 4077 rismn
1201 4016 1258 4076 est.

570 4112 708 4197 denique
731 4115 914 4199 fragmenta
936 4114 964 4180 si
986 4116 1198 4201 contemplati
1221 4115 1350 4195 erimus,
1375 4133 1439 4179 non
1462 4114 1620 4181 chronicis
1643 4114 1735 4181 libris
1758 4137 1800 4182 ea

461 4216 652 4303 tribuemus,
677 4242 762 4304 quae
783 4226 917 4306 propter
939 4222 1214 4307 synchronismum
1238 4223 1350 4302 3,125
1373 4227 1540 4287 narratum
1560 4222 1710 4306 proclivis
1725 4226 1800 4289 erat

572 4466 593 4534 1)
611 4465 647 4519 sd
665 4466 784 4523 eundem
802 4468 880 4524 Caeli
898 4484 1005 4538 quoque
1023 4468 1108 4524 verba
1127 4469 1173 4539 (=
1182 4467 1263 4524 FHR
1280 4486 1308 4537 p.
1328 4470 1380 4525 107
1398 4468 1453 4537 irg.
1472 4468 1519 4538 56)
1542 4469 1681 4537 pertinere
1703 4472 1798 4524 censet

461 4555 492 4613 0.
508 4555 538 4614 J.
551 4556 706 4628 Neumann‚
724 4555 887 4629 Philologus
905 4562 940 4616 41
959 4561 1053 4631 (1886)
1072 4578 1099 4630 p.
1118 4561 1217 4630 38bsq.
1235 4577 1306 4629 quae
1324 4559 1485 4615 coniectura
1502 4575 1569 4613 sane
1582 4557 1700 4613 adridet.
1729 4560 1799 4611 tunc

461 4662 506 4701 res
525 4662 555 4701 se
572 4646 701 4700 similiter
718 4645 802 4700 habet
820 4654 903 4716 atque
922 4650 1021 4715 8199.

569 4734 590 4801 ¹)
610 4736 707 4806 peripl.
726 4735 760 4790 18
783 4734 815 4785 ori
837 4734 890 4807 γὰρ
911 4738 951 4789 ἔτι
969 4737 1136 4804 ἐπλεύσαμιν
1154 4743 1318 4811 προσωτέρω
1337 4740 1394 4791 τῶν
1413 4743 1498 4791 σίτων
1515 4734 1584 4805 ἡμᾶς
1601 4734 1798 4791 ἐπιλιπόντων.

571 4824 592 4896 ⁸)
612 4823 657 4880 Za
686 4820 829 4879 cometen
855 4822 944 4892 Nepos
969 4824 1028 4881 arrd
1054 4825 1226 4896 Pomponius
1252 4827 1335 4883 Meto.
1382 4828 1533 4883 comment
1561 4824 1698 4880 Willfiin.
1727 4824 1796 4880 1891

460 4913 578 4983 p.1-6.
615 4913 651 4968 cl.
671 4909 826 4980 Schweder‚
845 4910 1007 4981 Philologus
1026 4914 1061 4968 16
1080 4915 1174 4985 (1888)
1192 4932 1219 4984 p.
1239 4916 1291 4970 300
1309 4914 1374 4971 adn.
1393 4915 1428 4970 54
1447 4916 1541 4987 (1898)
1561 4932 1588 4984 p.
1608 4913 1660 4969 539
1679 4912 1800 4967 Miinaer

460 4999 479 5056 l.
498 5001 517 5057 l
536 5019 562 5071 p.
583 5000 642 5057 127.
680 5017 735 5055 non
754 5003 830 5055 recte
848 4999 959 5055 dubitat
978 5000 1123 5073 Wissowa,
1142 5003 1381 5073 Pauly-wissows
1398 5003 1443 5060 IV
1461 5022 1488 5074 p.
1508 5005 1588 5062 1411.

568 5090 793 5161 qmpffim
