4275 6025
1013 688 1076 755 199

483 897 586 964 Iubae
623 896 697 963 dein
735 898 873 978 vestigia
903 899 935 962 iu
974 897 1154 964 insularum
1185 897 1369 964 nominibus
1407 918 1545 982 agnosco
1581 900 1708 981 6,148;

382 1002 468 1086 Tylos
496 1003 560 1087 (sic
589 1002 675 1068 enim
701 1003 771 1068 cod.
805 1001 835 1067 Ε
865 1009 952 1068 recte
975 1001 1121 1087 exhibet)
1152 1012 1180 1066 et
1202 1001 1297 1065 altero
1320 1003 1419 1064 minor
1441 1001 1481 1068 cl.
1506 1005 1558 1082 12,
1576 1005 1629 1084 38,
1653 1003 1710 1069 ubi

376 1107 462 1175 Iuba
493 1115 625 1174 auctore
657 1107 698 1173 de
728 1108 854 1175 duabus
884 1109 979 1175 huius
1012 1109 1150 1175 nominis
1181 1107 1298 1174 insulis
1330 1108 1439 1190 agitur
1469 1107 1510 1174 de
1533 1109 1654 1175 maiore
1678 1117 1711 1176 et

376 1214 509 1279 minore.
544 1213 648 1298 Tyros
664 1221 771 1281 autem
787 1215 891 1282 maior
907 1222 956 1282 est
971 1215 1147 1282 secuudum
1164 1213 1423 1295 Eratosthenem,
1445 1215 1550 1280 minor
1564 1215 1708 1294 Aradus,

375 1320 418 1386 cf.
441 1319 550 1390 Strab.
576 1324 640 1392 766
671 1327 759 1408 νῆσοι
794 1320 892 1406 Τύρος
919 1323 974 1386 καὶ
991 1320 1128 1407 ’Ἀραδος
1162 1320 1231 1406 ἱερὰ
1261 1318 1393 1402 ἔχουσαι
1422 1331 1489 1397 τοῖς
1520 1330 1710 1398 Φοινικικοῖς

376 1424 474 1508 ὅμοια
490 1475 498 1490 .
516 1479 523 1493 .
539 1431 593 1492 καί
607 1433 691 1514 φασί
712 1450 748 1512 γε
770 1427 801 1493 οἱ
823 1425 856 1493 ἐν
878 1423 993 1507 αὐτοῖς
1013 1426 1170 1506 οἰκοῦντες
1185 1426 1245 1506 τὰς
1266 1424 1450 1510 ὁμωνύμους
1472 1427 1536 1492 τῶν
1560 1433 1711 1493 Φοινίκιον

376 1531 489 1619 νήσους
525 1535 579 1598 καὶ
612 1533 725 1612 πόλεις
759 1531 916 1614 ἀποίκους
949 1534 1070 1602 ἑαυτῶν
1105 1535 1159 1622 (cl.
1194 1535 1280 1601 Pliu.
1311 1541 1343 1614 4,
1366 1535 1445 1618 120)
1454 1535 1482 1618 1)
1514 1555 1710 1618 quamquam

376 1631 456 1707 XH
470 1638 504 1704 D
523 1641 678 1708 interesse
701 1642 853 1708 dicuntur
884 1647 997 1722 6148
1026 1644 1059 1728 (i.
1094 1646 1159 1713 100
1189 1641 1310 1724 stadia)
1328 1632 1372 1708 'X
1396 1645 1448 1719 12,
1466 1643 1518 1710 38.
1556 1662 1640 1724 quae
1663 1639 1711 1704 di·

377 1747 512 1813 versitas
536 1747 623 1814 haud
647 1750 713 1814 scio
737 1770 779 1815 an
802 1748 931 1815 diversa
952 1752 1078 1815 ratione
1101 1748 1216 1815 effecta
1239 1749 1289 1815 sit
1334 1749 1467 1814 namin
1490 1748 1711 1832 geographicis

379 1851 471 1918 libris
501 1859 618 1919 octona
649 1853 756 1920 stadia
786 1853 923 1938 siugulis
949 1854 1082 1920 milibus
1112 1853 1268 1920 Romanis
1297 1852 1501 1938 respondent,
1541 1853 1598 1920 sed
1628 1853 1711 1920 dena

375 1958 515 2024 aliorum
537 1959 709 2027 sententia.
756 1959 837 2025 duos
860 1964 970 2026 antem
992 1959 1079 2025 locos
1101 1980 1140 2025 eo
1163 1959 1268 2043 magis
1291 1979 1479 2043 comparare
1509 1958 1593 2048 licet,
1623 1960 1710 2044 quod

376 2063 519 2130 eiusdem
543 2063 647 2130 Iubae
669 2064 745 2131 libri
769 2067 964 2133 auctoritate
991 2067 1141 2132 nituntur
1172 2087 1256 2150 quae
1287 2065 1370 2132 libro
1393 2065 1471 2132 XII
1496 2065 1537 2132 de
1559 2067 1711 2133 odoribus

375 2169 523 2235 Arabiae
545 2169 674 2236 Plinius
697 2173 829 2256 exponit
852 2172 906 2257 (cf.
934 2177 985 2253 12,
1002 2176 1044 2244 56
1069 2179 1102 2238 et
1125 2175 1156 2251 6,
1175 2172 1264 2257 161).

483 2275 540 2341 sed
563 2277 712 2362 6146')
736 2298 776 2342 ex
798 2279 863 2345 alio
885 2288 1018 2346 auctore
1040 2279 1161 2363 ahquid
1185 2279 1348 2363 interponi
1363 2278 1490 2344 Plinius
1521 2279 1710 2363 pronomine

375 2383 502 2467 quidam
524 2383 654 2449 indicat.
701 2406 765 2468 quo
789 2384 954 2451 Isidorum
977 2383 1151 2468 significari
1174 2384 1289 2450 iudico.
1329 2405 1403 2449 uam
1426 2385 1493 2449 eius
1517 2385 1710 2450 auctoritate

378 2491 491 2569 6132
521 2489 675 2574 oppidum
705 2492 887 2576 Apameam
917 2498 1222 2559 commemoraverat
1248 2490 1384 2557 Plinius.
1431 2496 1600 2575 praeterea
1627 2491 1711 2557 sicut

377 2598 492 2674 6,140
514 2595 735 2662 Romanorum
760 2620 888 2683 qnoque
911 2598 1151 2682 negotiatorum
1173 2597 1384 2663 relationibus
1399 2618 1476 2663 usus
1492 2603 1550 2663 est.
1597 2595 1640 2662 ad
1656 2617 1710 2663 eos

377 2700 462 2764 enim
484 2707 637 2785 provocat
660 2705 782 2781 6149,
804 2709 842 2767 ut
856 2701 959 2768 Iubae
981 2702 1201 2768 narrationem
1224 2700 1385 2786 suppleat.
1432 2699 1549 2769 ibidem
1575 2703 1709 2786 scripto-

374 2828 445 2872 rem
468 2828 594 2892 quoque
617 2816 748 2893 praeter
763 2810 880 2876 Iubam
903 2810 1046 2876 aPlinio
1068 2811 1248 2893 inspectum
1270 2829 1339 2875 esse
1362 2807 1517 2875 concludo
1534 2830 1573 2875 ex
1588 2809 1708 2879 verbis:

379 2911 514 2977 Omanae
536 2917 619 2998 quod
636 2917 753 3000 priores
776 2916 915 2980 mlebrem
932 2928 1056 3002 pernam
1085 2914 1268 2981 Germaniae
1283 2916 1380 2986 sacae.
1427 2917 1539 2998 itaque
1562 2916 1710 3000 quamvis

374 3020 502 3087 Plinius
525 3020 630 3088 Iubae
653 3044 688 3088 se
712 3023 899 3107 applicaret,
925 3023 1091 3090 Isidorum
1113 3023 1255 3090 nondum
1278 3023 1430 3106 seposuit.

483 3128 557 3194 dein
580 3128 745 3195 commode
767 3129 897 3196 ducitur
920 3129 1093 3214 descriptio
1116 3130 1284 3214 usquead
1308 3128 1507 3195 Sabaeorum
1531 3131 1711 3214 emporium

374 3234 508 3315 Acilam,
533 3256 554 3299 a
569 3256 633 3319 quo
650 3236 683 3300 in
699 3232 828 3303 Indiam
851 3238 998 3321 navigari
1021 3239 1115 3304 testis
1139 3243 1188 3303 est
1210 3239 1281 3323 ipse
1303 3237 1430 3303 Plinius
1453 3239 1576 3319 6,104.
1612 3237 1710 3303 situm

376 3349 425 3409 est
447 3344 540 3408 iuxta
561 3343 672 3409 fauces
694 3345 782 3409 sinus
806 3344 950 3414 Arabici.
997 3351 1075 3411 tuuc
1097 3345 1244 3429 abrupte,
1292 3344 1358 3410 sive
1382 3343 1480 3411 verba
1502 3342 1568 3408 sive
1584 3350 1710 3408 senteu-

374 3447 439 3513 tias
468 3448 611 3532 respicis,
645 3447 685 3513 de
708 3447 914 3534 Macarnm³)
943 3449 1169 3534 promunturio
1200 3450 1309 3532 agitur
1336 3453 1458 3531 6,152.
1483 3451 1557 3518 153.
1602 3448 1710 3514 verbis

375 3558 485 3619 autem
508 3553 618 3639 reliqui
647 3555 680 3617 in
701 3556 862 3619 ιοιιεὶοικιι
885 3578 905 3617 a
926 3565 993 3618 noto
1015 3576 1082 3639 eqs.
1117 3554 1158 3620 ad
1190 3576 1266 3621 orae
1297 3554 1544 3639 descriptionem
1574 3553 1709 3619 reditur.

375 3660 427 3725 cui
464 3681 540 3726 vero
579 3658 734 3725 debeatur
771 3660 858 3744 quod
895 3661 1121 3745 interpositum
1159 3667 1218 3741 est,
1258 3660 1323 3725 iam
1357 3659 1532 3729 videamus.
1579 3680 1646 3744 qua
1677 3659 1708 3724 in

375 3767 565 3850 quaestione
597 3766 714 3831 summi
744 3764 852 3832 hercle
881 3766 1036 3833 momenti
1066 3770 1117 3831 est
1147 3764 1267 3831 Melam
1291 3768 1321 3844 3,
1339 3766 1382 3834 79
1410 3763 1523 3830 eadem
1551 3763 1710 3829 similibus

373 3872 479 3939 verbis
517 3872 650 3939 referre.
712 3871 755 3937 ad
792 3873 930 3938 latinum
966 3873 1069 3956 igitur
1107 3872 1286 3937 necessario
1324 3875 1490 3935 auctorem
1528 3868 1709 3935 referimur.

375 3977 519 4046 Varroni
540 3998 579 4044 eo
601 3977 754 4044 libentius
781 3978 863 4044 haec
884 3978 1069 4056 tribuimus,
1107 3975 1196 4061 quod
1229 3977 1314 4042 inter
1348 3975 1586 4042 Eratosthenes
1623 3973 1710 4058 apud

376 4084 569 4151 Strabonem
581 4087 645 4156 766
669 4084 821 4151 Nearcho
844 4084 1096 4169 Orthagoraque
1119 4082 1306 4150 auctoribus
1330 4082 1442 4147 eadem
1465 4080 1628 4165 leguntur.
1675 4087 1710 4146 st

373 4190 496 4257 dixeris
511 4190 642 4257 differre
657 4193 740 4257 inter
756 4213 791 4257 se
806 4195 837 4272 6,
855 4196 920 4261 152
943 4196 977 4257 et
992 4195 1022 4270 6,
1043 4195 1115 4272 108,
1140 4211 1223 4276 quae
1246 4191 1318 4275 ipsa
1340 4210 1470 4275 quoque
1487 4188 1629 4257 Varroni
1653 4188 1708 4253 ad·

373 4299 571 4383 scripsimus.
608 4299 759 4380 concedo,
783 4298 841 4364 sed
863 4299 909 4364 ibi
932 4319 997 4382 qua
1018 4298 1145 4363 ratione
1168 4304 1313 4364 erratum
1337 4298 1389 4379 sit,
1413 4293 1504 4361 haud
1526 4293 1708 4363 obscurum.

374 4405 408 4471 in
431 4402 623 4471 Carmaniae
647 4405 731 4470 enim
755 4425 813 4494 ora
836 4404 1056 4484 describenda,
1090 4404 1146 4471 ubi
1169 4404 1212 4471 ad
1234 4405 1352 4471 ostium
1378 4404 1467 4469 sinus
1491 4401 1615 4468 Persici
1636 4421 1709 4485 per·

484 4621 503 4689 l)
522 4636 578 4689 qno
596 4618 659 4672 loco
673 4616 846 4673 Varroniana
863 4615 985 4671 Plinium
1003 4615 1109 4671 referre
1127 4615 1217 4671 elucet
1234 4633 1250 4671 e
1268 4616 1426 4685 fragmento
1445 4613 1520 4683 apud
1537 4613 1643 4668 Charis.
1659 4610 1709 4666 GL

372 4705 482 4775 161,8
509 4711 620 4763 serrato
646 4711 675 4778 (e
701 4705 802 4771 Plinio,
830 4705 866 4762 cf.
893 4704 981 4762 Prisc.
1010 4704 1060 4760 GL
1077 4704 1109 4760 11
1128 4706 1249 4776 331.17)
1277 4704 1313 4760 ab
1343 4703 1465 4776 Eeptbro
1493 4718 1569 4758 mure
1591 4702 1647 4757 ortt
1674 4700 1709 4755 ci.

373 4793 570 4867 Reitzenstein,
592 4794 709 4850 Hermes
728 4795 762 4849 20
780 4792 874 4864 (1885)
893 4810 921 4862 p.
941 4794 1002 4849 531.

481 4884 507 4955 ’)
525 4902 579 4953 quo
597 4885 660 4940 loco
678 4883 747 4954 qnid
765 4884 818 4939 sibi
841 4884 910 4938 velit
931 4882 1001 4938 illud
1027 4881 1099 4951 quod
1127 4880 1220 4937 οὸιιιι
1246 4897 1264 4936 ιι
1294 4878 1379 4936 Pstra
1406 4876 1511 4933 ἅίιιυνι
1540 4876 1571 4932 Χ
1596 4876 1710 4933 uasi-

372 4972 536 5043 potione
563 4992 618 5030 non
645 4974 786 5044 intellego.

481 5064 504 5127 ⁸)
522 5062 557 5117 de
574 5063 694 5118 lectione
711 5062 747 5117 cf.
766 5078 848 5131 snpra
866 5079 893 5130 p.
913 5061 956 5116 42.
