4275 6025
921 753 1135 850 Am.

363 960 553 1026 scribendae
575 961 649 1038 sint,
673 966 731 1027 aut
753 960 880 1027 Plinius
902 961 971 1046 ipse
994 966 1133 1025 testatus
1156 965 1215 1042 est,
1237 965 1293 1025 aut
1315 980 1374 1026 nos
1397 960 1564 1026 enucleare
1588 959 1696 1024 eonati

361 1087 480 1133 sumus.

471 1172 535 1236 iam
570 1171 722 1253 quoniam
744 1170 788 1236 ad
821 1170 916 1236 finem
940 1172 1141 1256 propositum
1165 1171 1324 1248 duximus,
1354 1190 1499 1253 eaquae
1523 1172 1556 1237 in
1580 1170 1695 1237 disser-

360 1281 485 1345 tatione
508 1278 754 1363 disputavimus,
777 1299 841 1343 non
866 1279 973 1343 omnia
995 1299 1099 1361 aeque
1121 1283 1211 1344 certa
1225 1282 1284 1342 aut
1299 1297 1400 1360 aeque
1414 1279 1603 1345 verisimilia
1626 1299 1695 1345 esse

360 1387 423 1470 ipsi
445 1384 585 1450 libenter
608 1384 822 1453 concedimus.
868 1390 977 1450 tamen
1008 1384 1068 1451 hoc
1098 1404 1162 1449 non
1185 1383 1220 1449 in
1243 1383 1440 1466 quaestionis
1469 1384 1604 1464 ratione,
1639 1383 1695 1449 sed

360 1493 393 1556 in
417 1492 486 1576 ipso
510 1490 706 1575 quaestionis
729 1511 845 1576 genere
878 1491 1019 1575 positum
1050 1511 1121 1556 esse
1150 1511 1242 1556 nemo
1272 1489 1335 1555 ibit
1363 1489 1494 1556 infitias.
1540 1512 1616 1556 uam
1638 1489 1695 1555 ubi

360 1599 467 1664 fontes
489 1598 558 1664 fere
579 1599 754 1681 perierunt,
778 1598 995 1682 periculosum
1028 1618 1105 1663 sane
1138 1605 1171 1662 et
1202 1596 1333 1681 plenum
1365 1617 1445 1680 opus
1468 1596 1559 1662 aleae
1583 1602 1631 1662 est
1655 1596 1695 1661 de

363 1704 408 1767 eis
432 1703 596 1786 inquirere
623 1723 683 1768 nec
713 1703 782 1768 sine
812 1700 951 1767 audacia
982 1703 1123 1786 quadam
1154 1701 1380 1786 peragendum,
1413 1703 1474 1768 nisi
1504 1703 1576 1787 quis
1611 1702 1695 1769 forte

361 1816 494 1893 propter
516 1810 550 1874 id
586 1810 693 1893 ipsum
726 1809 809 1874 tales
845 1809 1050 1892 quaestiones
1084 1810 1271 1874 coutemnit.
1328 1816 1365 1874 at
1397 1809 1504 1875 hercle
1543 1809 1695 1876 Pliniana

359 1916 507 1981 doctriua
529 1922 609 1981 tnnc
631 1916 761 1982 demum
794 1921 882 1981 recte
916 1936 975 1980 nos
1008 1916 1057 1980 uti
1091 1936 1184 1999 posse
1222 1936 1315 1981 nemo
1349 1917 1522 2000 negaverit,
1552 1916 1608 1981 ubi
1630 1936 1695 2000 quo

361 2021 440 2105 quid
475 2028 606 2087 auctore
638 2020 789 2087 tradatur
819 2028 1023 2105 perspectum
1047 2023 1119 2089 erit.
1166 2028 1199 2086 et
1232 2022 1294 2086 uisi
1328 2023 1361 2086 in
1395 2023 1610 2088 temeritatem
1637 2022 1695 2087 illa

360 2128 498 2194 audacia
531 2128 677 2208 vertitur,
713 2148 808 2192 suum
830 2126 973 2193 fructum
1004 2148 1045 2192 ex
1066 2129 1117 2193 bis
1142 2147 1270 2211 quoque
1298 2128 1541 2211 quaestionibus
1571 2129 1695 2213 percipi

359 2255 454 2319 posse
477 2234 684 2300 manifestum
708 2240 765 2300 est.

897 2838 1104 2922 Appendix
1126 2837 1154 2903 Ι.

577 3085 623 3155 de
646 3086 916 3175 chorographiis
939 3083 1036 3170 apud
1060 3083 1276 3154 Strabonem
1300 3083 1477 3154 adbibita.

467 3280 661 3347 Strabonem
684 3281 824 3365 amplius
848 3303 940 3347 usum
964 3301 1034 3345 esse
1050 3278 1206 3345 Romanis
1225 3280 1416 3353 auctoribus
1440 3302 1498 3365 per
1521 3301 1554 3346 se
1576 3302 1694 3365 parum

359 3384 531 3451 verisimile
554 3393 611 3451 est.
657 3406 760 3469 neque
786 3388 872 3451 enim
901 3386 1049 3452 acerbius
1080 3410 1176 3471 quam
1199 3390 1305 3454 verius
1338 3388 1378 3452 de
1408 3386 1604 3473 geographis
1627 3386 1692 3452 Ro·

358 3492 461 3556 manis
488 3488 642 3556 iudicium
668 3490 759 3556 tulit:
800 3494 861 3561 166
892 3490 923 3554 οἱ
953 3491 988 3555 δὲ
1014 3499 1079 3556 τῶν
1101 3490 1263 3574 Ῥωμαίων
1292 3504 1486 3578 συγγραφεῖς
1520 3492 1694 3575 μιμοῦνται

357 3595 415 3676 μὲν
443 3594 516 3671 τοὺς
532 3592 702 3680 Ἕλληνας,
726 3589 798 3659 ἀλλ’
822 3592 878 3660 οὐκ
906 3594 962 3660 ἐπὶ
989 3596 1084 3662 πολύ.
1131 3600 1185 3661 καὶ
1212 3593 1273 3683 γάρ
1296 3595 1318 3661 ἃ
1341 3600 1479 3681 λέγουσι,
1511 3599 1602 3683 παραὶ
1630 3599 1693 3661 τῶν

354 3695 514 3786 Ἑλλήνων
532 3707 772 3785 μεταφέρουσιν,
796 3698 831 3781 ἒξ
853 3700 975 3766 ἑαοτιῦν
995 3698 1022 3765 d’
1046 3700 1083 3767 οὐ
1106 3703 1191 3766 πολὺ
1214 3702 1271 3783 μὲν
1291 3709 1525 3788 προςφέρονται
1540 3706 1576 3769 τὸ
1592 3705 1693 3789 φιλο-ι’-

357 3809 465 3894 ὸημον,
500 3803 579 3885 ὥςθ’
614 3804 737 3874 ὁπόταν
766 3807 911 3894 ἔλλειψις
940 3815 1069 3895 γένηται
1099 3805 1177 3894 παρ’
1205 3808 1340 3884 ἐκείνων,
1377 3808 1433 3875 οὐκ
1456 3808 1525 3874 ἔστι
1547 3810 1631 3874 πολὺ
1654 3810 1691 3873 τὸ

356 3912 637 4003 ἅναπληροίμενον
664 3913 732 3981 ὑπὸ
758 3923 820 3982 τῶν
846 3915 968 4003 ἑτέρων,
1000 3915 1107 3993 ἄλλως
1134 3941 1169 3981 τε
1192 3917 1247 3981 καὶ
1270 3918 1334 3981 των
1357 3913 1529 3999 ὀνομάτων,
1565 3912 1624 3981 ὅσα
1647 3912 1693 3978 ἐν·

357 4022 526 4102 δοξότατα,
550 4025 612 4086 τῶν
634 4023 793 4087 πλείστων
816 4020 914 4088 ὄντων
937 4020 1134 4109 Ἑλληνικῶν.

447 4132 480 4195 in
504 4131 574 4197 sola
593 4138 702 4195 autem
717 4131 832 4196 ltaliae
845 4131 1088 4214 vicinarumque
1111 4130 1290 4196 insularum
1313 4129 1527 4213 descriptione
1550 4125 1693 4207 largiora

355 4236 557 4321 praebebant
579 4242 637 4301 aut
659 4237 800 4302 certiora
824 4235 929 4301 fontes
949 4235 1100 4315 Romani,
1124 4235 1209 4301 unde
1225 4236 1327 4300 sexies
1343 4235 1378 4298 in
1394 4254 1433 4298 ea
1447 4226 1573 4316 parted
1594 4253 1692 4316 χωρο-

356 4342 480 4428 γράφος
514 4342 678 4407 laudatur.
730 4342 910 4407 rectissime
942 4362 1017 4406 vero
1049 4342 1120 4425 ipse
1152 4340 1325 4407 Schweder
1354 4338 1478 4424 cavit1)
1513 4359 1553 4401 ne
1585 4338 1693 4402 omnia

356 4451 462 4533 spatia
499 4448 630 4514 milibus
664 4448 822 4514 Romanis
857 4446 992 4512 definita
1024 4448 1067 4513 ad
1107 4447 1243 4513 eundem
1282 4452 1447 4512 auctorem
1481 4442 1690 4510 referrentur.

355 4553 527 4638 Polybium
551 4556 636 4620 euim
659 4556 724 4620 iam
747 4555 800 4621 bic
823 4555 892 4620 illie
914 4554 1044 4619 milibus
1066 4561 1270 4638 computasse
1293 4559 1405 4618 notum
1434 4556 1494 4616 est.
1540 4548 1574 4614 id
1606 4548 1692 4631 quod

355 4659 396 4723 de
418 4661 629 4726 Artemidoro
652 4682 718 4725 non
744 4660 848 4726 ausim
876 4658 1080 4739 contendere,
1115 4679 1180 4741 quo
1204 4658 1373 4725 Schweder
1405 4653 1553 4739 exemplo
1580 4654 1692 4718 utitur.

355 4786 431 4829 nam
453 4765 542 4830 haud
565 4788 640 4833 raro
665 4767 791 4831 Plinius
814 4767 883 4851 ipse
906 4763 1065 4831 Graecam
1086 4784 1268 4829 mensuram
1297 4762 1339 4829 ad
1361 4762 1544 4829 Romanam
1566 4759 1692 4841 redegit

465 4942 485 5009 ¹)
505 4941 595 4999 Bcitr.
613 4942 646 4997 Π
664 4944 735 4999 18ῖὸ
753 4961 781 5012 p.
801 4943 844 4997 70.
874 4942 998 4997 Graecos
1025 4946 1152 4995 auctores
1179 4938 1292 4993 milibus
1320 4941 1411 5008 spatia
1438 4937 1602 5007 exprimere,
1629 4950 1691 4988 cum

354 5028 475 5082 miliaria
502 5030 628 5099 lepidum
645 5030 835 5087 Romanorum
863 5030 1065 5100 describerent,
1092 5029 1162 5084 bene
1190 5029 1298 5083 monuit
1320 5026 1482 5082 Alexander
1504 5022 1588 5078 Riese
1610 5019 1692 5076 (ΗΜ
1793 5022 1802 5041 ⁰

354 5117 424 5173 νοτε
442 5135 470 5187 p.
489 5116 574 5174 vm.
