4275 6025
1019 741 1062 806 49

372 976 472 1040 quam
494 975 563 1020 rem
587 959 624 1020 ut
646 959 735 1019 certo
751 951 929 1018 diiudicare
943 952 1116 1037 possimus,
1139 949 1289 1017 Pliniana
1305 948 1447 1034 quodam
1464 948 1536 1018 loco
1558 951 1709 1044 efficitur,

371 1083 469 1148 quem
492 1083 564 1127 cum
587 1059 675 1126 Mela
698 1059 868 1128 Schweder
890 1056 1133 1144 comparavit1).
1178 1064 1386 1123 tamencum
1409 1056 1465 1123 ills
1487 1059 1711 1142 quaestionem

370 1171 467 1254 plane
499 1168 688 1248 turbaverit,
725 1167 766 1234 de
796 1167 922 1252 integro
952 1187 1004 1231 res
1038 1165 1131 1230 nobis
1162 1164 1335 1230 tractanda
1368 1170 1428 1230 est.
1475 1164 1602 1232 Plinius
1625 1168 1711 1233 enim

370 1278 460 1356 4,.13
484 1274 571 1342 tertii
594 1274 681 1340 illius
702 1275 792 1340 sinus
816 1293 857 1339 ex
879 1274 925 1339 eis
947 1292 1028 1358 quos
1051 1273 1156 1338 Varro
1180 1270 1394 1357 consutum),
1427 1271 1550 1338 insulas
1580 1281 1711 1342 enarrat

371 1383 415 1450 ab
438 1382 688 1448 Acrocerauniis
710 1380 803 1446 initio
825 1379 913 1446 facta
940 1399 1014 1444 cum
1036 1378 1118 1444 alias
1148 1383 1219 1444 tum
1250 1376 1322 1445 lras:
1356 1388 1423 1441 anta
1444 1378 1596 1443 Aetoliam
1618 1378 1710 1444 aaa

371 1489 463 1552 audes
486 1487 625 1572 Aspialia
651 1483 770 1550 Catonis
796 1485 947 1571 Thyatira
974 1481 1104 1548 Generis
1124 1481 1279 1569 Dionysia
1304 1480 1423 1568 Cyrnus
1449 1480 1568 1550 Grato
1590 1486 1710 1552 Pinara

372 1594 514 1681 Nyatras.
553 1615 635 1678 quas
657 1593 780 1660 insulas
801 1592 899 1676 plane
914 1593 1044 1676 ignotas
1063 1611 1138 1655 cum
1156 1611 1270 1656 novem
1285 1591 1415 1657 nomina
1430 1599 1709 1674 enumerarentur,

370 1703 415 1767 ad
446 1723 560 1768 novem
583 1699 768 1766 Echinadas
792 1696 964 1765 Schweder
995 1695 1134 1764 rettulit
1180 1695 1266 1761 idem
1298 1698 1418 1763 acriter
1446 1697 1481 1762 in
1511 1695 1633 1764 llelsm
1662 1700 1710 1765 in·

371 1815 483 1875 vectus
516 1814 575 1889 est,
610 1806 667 1892 qui
695 1805 756 1872 has
787 1802 972 1870 Echinadas
1004 1803 1090 1868 inter
1125 1800 1290 1886 Sporadas
1321 1803 1555 1887 percensuisset
1587 1807 1710 1883 2,111.

371 1914 578 1981 Echinadum
614 1934 690 1979 sero
726 1913 865 1995 nomina,
905 1930 990 1994 quae
1021 1908 1110 1992 apud
1143 1928 1340 1994 quemquam
1380 1918 1545 1977 auctorem
1582 1917 1711 1980 exstare

372 2021 548 2088 Schweder
570 2020 699 2104 negavit
725 2056 760 2067 -
787 2039 824 2084 aa
838 2037 880 2082 ne
894 2015 956 2082 hoc
971 2014 1102 2098 quidem
1116 2013 1160 2079 ab
1175 2016 1263 2080 omni
1276 2020 1372 2100 parte
1387 2022 1476 2082 reate
1491 2036 1525 2084 se
1540 2017 1640 2084 habet
1655 2057 1710 2103 —‚

368 2147 450 2192 sane
472 2147 537 2192 non
560 2125 741 2192 enumerari
763 2124 868 2189 solent
890 2121 978 2207 apud
1001 2120 1216 2206 geographos,
1247 2119 1387 2187 fortasse
1417 2129 1592 2208 propterea
1622 2127 1710 2209 quod

370 2233 443 2298 sine
466 2233 593 2316 oppidis
615 2231 705 2296 fuere
727 2235 761 2296 et
786 2229 858 2296 ideo
888 2228 1045 2314 ignobiles
1071 2227 1124 2310 (cf.
1148 2227 1231 2294 Plin.
1254 2233 1286 2310 4,
1300 2230 1366 2312 62).
1414 2228 1500 2294 unde
1530 2232 1601 2316 ipsa
1622 2231 1710 2298 Plini

370 2339 524 2404 doctrina
546 2338 759 2423 suspicionem
782 2343 933 2406 moveret.
979 2342 1014 2403 at
1043 2337 1096 2402 hic
1118 2335 1185 2401 illia
1208 2337 1304 2402 unias
1332 2334 1382 2402 vel
1408 2335 1544 2402 alterius
1567 2339 1709 2406 traditur

374 2466 500 2515 nomen.
547 2445 659 2528 itaque
681 2444 709 2509 si
732 2465 842 2510 verum
865 2447 949 2508 esset
966 2442 1054 2526 quod
1070 2441 1242 2510 Schweder
1265 2442 1391 2520 statuit,
1415 2439 1496 2506 haec
1518 2441 1605 2508 iuter
1619 2442 1709 2509 Plini

370 2553 491 2618 seriem
514 2552 736 2620 inveniremus.
782 2550 918 2617 duarum
934 2555 1043 2615 autem
1059 2548 1263 2614 Echinadum
1278 2548 1471 2614 nominatim
1486 2545 1607 2615 Strabo
1631 2549 1710 2617 facit

372 2660 582 2725 mentionem:
606 2657 648 2727 cf.
672 2659 714 2727 59
742 2657 796 2720 καλ
818 2652 840 2744 ἡ
863 2653 1019 2743 πρότερον
1042 2654 1077 2720 δὲ
1099 2650 1268 2742 Ἀρτεμὶια
1284 2655 1436 2742 λεγομένη
1459 2657 1520 2737 μία
1543 2657 1606 2720 τῶν
1623 2651 1709 2736 Ἐχι-

370 2763 474 2830 νάδων
495 2764 596 2853 νήσων
618 2761 749 2853 ἤπειρος
770 2762 925 2848 γέγονεθ).
965 2763 1100 2828 eandem
1122 2761 1250 2828 Plinius
1273 2768 1503 2828 commemorat
1525 2767 1556 2845 4,
1575 2766 1595 2832 5
1620 2763 1710 2828 Arta·

371 2875 478 2936 moam
499 2873 631 2937 tautam
654 2877 778 2939 arato
794 2859 888 2938 aaa
903 2874 1017 2938 ιιιιιιι
1032 2874 1189 2937 ansam
1202 2875 1357 2936 matam
1372 2873 1430 2960 (sc.
1449 2873 1635 2955 nassum).
1674 2881 1711 2942 ιι

371 2979 456 3048 hane
478 2979 621 3047 aPlinio
643 2987 757 3066 utpote
779 3002 843 3048 non
865 2981 931 3047 iam
954 2999 1028 3046 vere
1050 2979 1189 3046 insulam
1205 2979 1370 3046 exclusam
1393 2999 1463 3045 esse
1483 2979 1602 3047 dixerit
1624 2982 1711 3065 quis·

366 3088 470 3171 piam.
516 3093 550 3151 at
573 3088 658 3153 enim
674 3093 777 3153 restat
792 3088 876 3154 alter
891 3086 1061 3153 Strabonis
1087 3087 1259 3156 1001104118
1281 3086 1338 3151 καὶ
1359 3085 1477 3174 ταύτης
1499 3089 1566 3175 (τῆς
1588 3086 1710 3153 Ζακύν-

372 3196 454 3273 θου)
482 3190 517 3257 δὲ
545 3193 602 3257 καὶ
627 3198 685 3277 τῆς
708 3192 928 3279 Κεφαλληνίας
957 3190 1041 3279 πρὸς
1068 3190 1111 3255 ἕω
1140 3191 1200 3268 τοὶς
1218 3188 1386 3274 Ἐχινάδας
1418 3190 1572 3278 ἱδρῦσθαι
1599 3192 1712 3282 νήσους

366 3304 577 3386 -οομβέβηκεν,
601 3290 644 3365 ὧν
666 3298 739 3366 τότε
762 3296 932 3381 Δουλίχιόν
954 3297 1022 3365 ἐστι
1044 3337 1089 3349 -
1112 3300 1246 3364 καλοῦσι
1268 3299 1303 3365 δὲ
1325 3303 1380 3365 νῦν
1396 3300 1572 3385 Δολίχαν*)
1595 3340 1640 3351 -—
1656 3302 1711 3367 sal

366 3404 408 3469 ai
430 3400 542 3485 Ὀξεῖαι
569 3403 768 3488 καλούμεναι,
801 3401 842 3484 ἃς
868 3405 956 3484 θοὰς
983 3403 1161 3494 ὁποιητης
1187 3400 1270 3472 εἶναι.
1317 3429 1423 3493 neque
1449 3430 1526 3474 vem
1552 3407 1711 3475 Dolichae

372 3532 490 3577 nomen
511 3533 616 3598 neque
630 3507 752 3593 Ὀξειῶν
775 3513 955 3580 insularum
977 3513 1065 3598 apud
1084 3512 1227 3580 Plinium
1250 3520 1358 3580 exstat
1366 3514 1404 3602 ⁶).
1444 3536 1522 3599 ergo
1550 3514 1596 3579 ibi
1614 3514 1711 3581 nehi-

365 3617 494 3684 nadum
517 3620 647 3685 nomina
669 3641 734 3686 non
749 3626 988 3688 enumerantur.
1035 3620 1093 3685 sed
1115 3619 1197 3687 alias
1212 3620 1368 3705 quasdam
1389 3621 1511 3686 insulas
1526 3622 1710 3705 percenseri

366 3746 395 3790 a
417 3726 531 3790 ceteris
553 3726 717 3809 neglectas
740 3727 953 3793 contenderis.
999 3726 1056 3793 sed
1080 3748 1121 3792 ne
1143 3726 1204 3792 hoc
1219 3727 1351 3811 quidem
1367 3726 1445 3792 ferri
1466 3748 1560 3811 posse
1575 3734 1711 3811 apparet

373 3830 478 3897 Melae
500 3831 570 3898 loco
594 3834 776 3899 accuratius
800 3834 998 3900 examinato:
1030 3836 1135 3908 2,111
1161 3844 1195 3897 01
1214 3834 1338 3897 interita
1361 3831 1407 3915 (h.
1430 3853 1458 3898 e.
1481 3833 1515 3896 in
1539 3832 1631 3910 mari,
1661 3853 1711 3897 re-

373 3937 491 4003 motius
517 3937 560 4003 ab
582 3940 654 4023 ora)
679 3938 775 4003 Mela
798 3937 920 4004 Olouros
942 3936 1100 4025 Aspeliam
1127 3937 1286 4004 00111οαὶ110
1313 3938 1462 4024 Thyatira
1488 3934 1608 4021 Gyaros
1631 3936 1711 4023 Hip

359 4120 362 4125 ι
369 4045 458 4129 μανία
486 4042 637 4130 Dr'orrysia
673 4043 794 4131 Gyareus
832 4042 947 4109 0010110
977 4046 1081 4109 Icaria
1114 4046 1235 4110 Pinara
1269 4044 1419 4132 Nyspiros
1449 4043 1613 4109 Ladiatlos
1651 4041 1708 4109 Ca-

482 4237 503 4308 ¹)
521 4235 686 4307 Philologus
703 4238 738 4294 45
757 4237 851 4309 (1886)
869 4255 897 4307 p.
916 4238 977 4293 720.

483 4327 505 4397 ²)
524 4325 558 4381 cl.
577 4325 728 4387 Detlelsen,
747 4326 864 4381 Hermes
882 4328 915 4382 21
936 4327 1029 4398 (1886)
1047 4344 1075 4397 p.
1094 4327 1245 4384 tto-265.

483 4416 505 4485 8)
524 4414 559 4474 cf.
583 4414 746 4469 Artemidos·
768 4433 810 4484 ap.
835 4415 934 4485 steph.
956 4434 978 4472 s.
1001 4434 1026 4470 v.
1046 4414 1062 4468 ὃ
1082 4413 1112 4468 di
1128 4414 1326 4488 ’Δητιμίὸιορόο
1348 4435 1439 4485 φησιν,
1468 4415 1513 4468 ὅτι
1533 4415 1711 4490 Χερρόνησος

362 4507 435 4576 ,περὶ
452 4502 503 4571 τὴν
520 4500 637 4571 ἐκβολὴν
655 4504 705 4555 τοῦ
722 4500 858 4568 ’Δκελῴοο
876 4505 1005 4569 ποταμοῦ
1029 4502 1159 4573 λεγομένη
1176 4502 1329 4575 'Apicatam
1365 4504 1402 4561 cf.
1425 4505 1511 4560 ctiam
1534 4504 1604 4563 Rdt.
1630 4506 1711 4575 2,10

361 4592 455 4663 ›tunde
473 4592 545 4647 Plin.
564 4594 590 4662 2,
599 4594 647 4648 201
670 4592 791 4661 pendet).

480 4683 503 4754 ⁴)
521 4682 557 4739 cf.
575 4682 664 4738 Strab.
684 4682 736 4739 ³40
754 4682 786 4736 τὸ
803 4682 857 4755 γὰρ
876 4680 1025 4746 Δουλίχιον
1043 4685 1093 4749 μιά
1110 4682 1168 4733 τῶν
1186 4679 1342 4746 Ἐχινάδων.

482 4771 607 4836 Ι1111111111
633 4769 807 4827 Echinadum
832 4770 946 4825 nomina
971 4770 1064 4828 Schol.
1094 4768 1165 4824 Stat.
1193 4768 1281 4828 Theb.
1306 4772 1403 4839 2728
1429 4789 1458 4843 p.
1483 4772 1569 4842 136‚1
1598 4769 1712 4826 Jshnlre

361 4863 517 4915 *enumerat
552 4858 700 4929 Artemita,
737 4858 846 4931 Apulia,
879 4856 993 4929 Maste.
1038 4855 1194 4913 Perimelen
1223 4858 1366 4916 neumam
1396 4860 1512 4916 Ovidius
1539 4860 1618 4914 novit
1645 4864 1711 4917 met.

358 4950 470 5019 dulit.
498 4950 604 5004 nullum
624 4964 658 5003 ex
675 4947 719 5002 his
737 4948 892 5003 nominibus
910 4946 984 5001 iuter
1001 4945 1077 5002 Plini
1096 4944 1280 5003 ‘Mundam

482 5037 503 5107 υ)
521 5036 630 5108 Arpina
647 5038 682 5104 Δ,
701 5036 750 5091 ssd
768 5036 871 5091 reatina
890 5034 991 5105 reliqui
1008 5033 1089 5090 codd.
1102 5033 1219 5107 Aapitia,
1238 5036 1274 5094 al.
1286 5036 1311 5104 2,
1322 5036 1384 5094 109.
1413 5052 1504 5105 neque
1516 5033 1591 5091 enim
1603 5035 1713 5106 Aegina

357 5125 521 5180 :interius
539 5126 569 5180 in
587 5126 658 5180 mari
677 5127 731 5180 sita
749 5129 799 5182 est

426 5223 518 5273 Klots.
533 5223 676 5275 Quaestione·
689 5223 810 5267 Pliniana.
1513 5214 1533 5267 4
