4275 6025
1028 720 1091 784 137

500 953 601 1016 supra
629 932 675 1016 (p.
702 934 759 1009 91)
787 929 931 997 ramum
958 931 992 995 a
1024 921 1211 1015 regionibus
1238 930 1358 997 ranae
1385 928 1451 1000 ΙΧ.
1474 912 1524 995 Χζ
1546 929 1607 996 xr
1629 930 1728 996 anam

392 1039 490 1105 inisse
512 1038 672 1104 rationem
695 1045 794 1122 atque
817 1038 851 1103 in
873 1038 1008 1121 reliquis
1027 1038 1220 1103 monuimus.
1266 1036 1313 1103 ibi
1336 1038 1511 1104 enimcum
1533 1058 1598 1103 non
1620 1038 1728 1122 ipsum

395 1144 541 1229 Augusti
563 1143 683 1209 tabulis
705 1165 800 1209 usum
824 1164 892 1209 esse
915 1144 1131 1227 cognorimus.
1176 1142 1220 1209 ad
1243 1144 1343 1209 alium
1365 1144 1468 1228 igitur
1490 1151 1653 1210 auctorem
1675 1164 1729 1209 re-

393 1251 530 1318 ferimur
552 1272 649 1335 quam
673 1272 753 1336 quos
775 1252 808 1317 in
832 1250 958 1335 reliqua
976 1250 1134 1335 periegesi
1156 1250 1320 1316 adhibitos
1343 1271 1413 1316 esse
1435 1257 1572 1317 constat.
1617 1253 1728 1334 itaque

394 1379 471 1424 sane
491 1378 608 1443 operae
626 1358 767 1441 pretium
792 1362 841 1424 est
855 1356 1010 1442 indagare
1026 1362 1177 1423 extentne
1192 1358 1226 1423 in
1241 1354 1372 1423 Galliae
1387 1356 1573 1442 Cisalpinae
1588 1356 1730 1441 descrip-

393 1464 480 1529 tione
503 1484 626 1529 errores
650 1468 708 1529 aut
730 1463 928 1529 iterationes.

502 1590 601 1653 quam
624 1576 750 1655 partem
773 1568 942 1654 Mnnzer1)
964 1568 1087 1653 Nepoti
1110 1568 1245 1635 addixit.
1290 1590 1330 1635 ac
1352 1567 1497 1653 prolecto
1512 1568 1632 1634 indicia
1654 1574 1729 1634 sunt

395 1676 511 1761 quibus
534 1676 613 1742 haec
636 1677 744 1761 opinio
766 1674 890 1741 firmari
911 1674 1049 1741 ridetur.
1095 1674 1249 1740 laudatur
1271 1675 1357 1740 enim
1371 1674 1441 1759 ipse
1463 1674 1496 1739 in
1519 1672 1584 1739 fine
1606 1676 1727 1752 3,125.

394 1781 528 1849 Catonis
551 1790 661 1849 autem
684 1782 865 1849 doctrinam
893 1802 957 1847 non
989 1802 1028 1846 ex
1057 1781 1137 1865 ipsis
1160 1778 1332 1864 Originum
1359 1779 1452 1846 libris
1473 1779 1619 1846 Plinium
1641 1801 1730 1844 sum-

393 1891 493 1975 psisse
527 1890 578 1957 101
610 1890 687 1955 inde
721 1890 929 1972 cognoscitur,
966 1888 1053 1972 quod
1089 1888 1163 1971 plus
1197 1889 1302 1953 semel
1330 1887 1519 1971 corrigitur:
1550 1886 1729 1968 (11.3,124

394 1995 531 2061 Novaria
554 2019 589 2061 ec
609 1995 828 2060 Vertamocoris
851 1994 952 2081 (orta)
977 1994 1183 2059 Vocontiorum
1205 1994 1345 2080 hodieque
1364 2016 1447 2079 papo
1455 1994 1492 2080 ¹),
1516 2015 1576 2057 uon
1597 2004 1631 2056 ut
1654 1992 1732 2058 Octo

393 2106 543 2169 eristimat
570 2104 735 2190 Liparum,
768 2125 804 2168 eu
838 2104 943 2189 quibus
976 2085 1076 2168 liceri
1105 2114 1134 2167 et
1165 2103 1277 2167 Mona
1309 2104 1463 2174 condidere
1500 2102 1636 2164 Ticinum
1671 2120 1730 2163 acu

391 2210 497 2297 mucul
519 2233 538 2273 c
559 2211 659 2277 Pado.
706 2231 790 2294 quae
812 2209 935 2295 Nepoti
961 2210 1107 2276 tribuere
1134 2230 1171 2275 eo
1198 2210 1302 2294 magis
1329 2210 1455 2275 animus
1484 2206 1619 2273 inclinat
1642 2205 1730 2290 quod

394 2315 435 2381 de
457 2316 528 2400 ipsa
550 2316 618 2382 eius
633 2318 741 2401 patria
763 2316 881 2400 agitur.
929 2316 1003 2381 dein
1019 2315 1103 2383 (lato
1125 2315 1256 2402 quidem
1277 2314 1550 2383 Orumboviorum
1573 2313 1730 2397 originem

395 2423 545 2505 ignorare
568 2423 731 2489 salassus
754 2428 814 2506 est,
842 2429 877 2490 at
899 2430 1014 2490 auctor
1035 2445 1099 2489 non
1123 2429 1293 2489 contentus
1314 2421 1503 2507 imperfecta
1526 2420 1592 2499 illa,
1616 2425 1654 2484 ut
1676 2438 1730 2483 re-

395 2527 501 2608 batur,
526 2529 682 2611 doctrina,
706 2530 890 2596 Alexandri
905 2531 997 2615 nugis
1012 2530 1189 2615 applausit.
1234 2535 1304 2595 tum
1327 2529 1384 2595 illo
1401 2529 1546 2613 prudente
1567 2548 1596 2589 aa
1619 2528 1728 2602 &125

393 2633 557 2701 indicatur
599 2636 700 2702 alium
737 2637 899 2721 quendam
943 2638 1144 2703 intercedere
1187 2638 1273 2702 inter
1310 2634 1467 2702 Catonem
1506 2640 1539 2699 et
1574 2632 1729 2701 Plinium.

394 2741 533 2827 denique
555 2741 674 2810 Graias
696 2744 802 2828 Alpes
825 2744 867 2809 ab
887 2743 1030 2810 Hercule
1052 2744 1157 2810 dictas
1180 2765 1250 2809 esse
1272 2743 1448 2809 communis
1465 2740 1597 2825 quidem
1620 2738 1731 2823 opinio

394 2847 472 2929 lnit3
504 2847 605 2915 nolim
638 2854 748 2916 tamen
782 2872 846 2916 non
880 2855 993 2916 notare
1027 2850 1161 2915 eandem
1183 2872 1205 2916 a
1227 2850 1353 2934 Nepote
1380 2869 1451 2914 esse
1472 2847 1656 2932 probatam,
1688 2843 1728 2911 cf.

393 2954 503 3022 Hann.
528 2958 597 3035 3‚4
624 2956 755 3044 (Alpes)
783 2978 867 3022 nemo
889 2979 1034 3043 umquam
1056 2979 1125 3021 cum
1147 2958 1274 3023 000101οι
1296 2966 1364 3020 cate
1386 2977 1453 3019 eum
1480 2945 1731 3041 (Hannibalem)

394 3073 513 3147 praeter
542 3062 705 3129 Herculem
739 3062 869 3130 Graium
899 3066 1067 3134 1100010101.
1123 3087 1181 3151 quo
1210 3065 1288 3143 fecto
1317 3066 1344 3127 ia
1374 3063 1459 3127 bodie
1488 3063 1582 3126 salure
1616 3058 1732 3125 Graiae

395 3170 576 3254 appellatur.

501 3275 624 3360 Nepoti
660 3276 760 3360 igitur
797 3278 906 3344 omnia
942 3277 1094 3344 ridentur
1132 3276 1249 3344 lavere.
1296 3284 1404 3344 tamen
1439 3281 1541 3342 restat
1568 3273 1731 3358 quaedam

395 3381 565 3452 dubitatio.
611 3405 687 3448 nam
713 3383 887 3450 secundum
916 3406 955 3450 ea
988 3405 1073 3470 quae
1106 3383 1241 3469 supra⁸)
1275 3384 1490 3469 exposuimus,
1528 3387 1642 3449 auctor
1674 3380 1730 3446 ille

395 3510 491 3574 quem
514 3488 641 3554 Plinius
664 3490 716 3556 hic
739 3492 893 3576 sequitur,
917 3493 1064 3575 Augusti
1090 3492 1211 3558 tabulis
1233 3492 1387 3558 musarde
1410 3513 1487 3558 usus
1515 3496 1574 3561 est.
1620 3490 1731 3573 itaque

396 3616 436 3662 ne
459 3594 620 3680 Nepotem
643 3597 774 3680 quidem
797 3597 850 3664 bic
871 3596 997 3664 Plinius
1019 3599 1126 3682 ipsum
1147 3599 1297 3683 inspexit.

503 3706 616 3785 &126
641 3702 684 3768 ad
706 3723 797 3769 oram
819 3705 995 3771 revertitur
1018 3711 1052 3770 et
1075 3705 1116 3770 ad
1139 3705 1329 3790 periegesim
1352 3725 1437 3788 quae
1452 3702 1603 3770 continuo
1621 3705 1730 3765 tractu

395 3808 563 3893 usquead
586 3809 723 3876 Arsiam
746 3808 885 3877 ducitur.
932 3809 982 3875 101
1009 3810 1085 3876 hinc
1115 3811 1157 3877 ad
1181 3808 1364 3896 Agrippam
1394 3829 1523 3894 qnoque
1552 3827 1666 3872 rursus
1696 3826 1732 3870 se

397 3935 471 3980 eum
493 3915 674 3999 applicasse
689 3915 807 3986 elucet.
851 3921 962 3983 tamen
976 3939 1019 3983 ne
1041 3939 1115 3984 eum
1131 3918 1261 4001 quidem
1283 3923 1449 3982 auctorem
1464 3915 1638 3999 sepositum
1661 3932 1731 3978 esse

395 4021 452 4105 qui
481 4020 669 4105 Nepotiane
701 4021 907 4106 praebuerat,
942 4024 1156 4109 cognoscitur.
1201 4023 1346 4108 carpitur
1379 4021 1464 4087 enim
1486 4018 1608 4103 Nepos,
1644 4018 1730 4103 quod

396 4127 544 4194 Histriae
566 4147 682 4193 nomen
704 4127 746 4193 ab
769 4127 886 4194 Histro
909 4150 1002 4195 amne
1024 4129 1058 4194 in
1080 4127 1242 4194 Hadriam
1266 4127 1418 4193 effluente
1441 4124 1586 4192 deduxit.
1632 4143 1730 4207 quam

394 4231 533 4317 Nepotis
561 4234 754 4300 sententiam
776 4235 865 4301 Mela
895 4256 1023 4320 quoque
1054 4235 1240 4320 exscripsit:
1265 4237 1296 4316 2,
1314 4239 1367 4304 bl.
1413 4233 1539 4298 Plinius
1567 4252 1644 4298 vero
1673 4231 1732 4296 alii

397 4340 520 4406 auctori
542 4339 638 4405 fidem
661 4339 788 4421 habuit,
820 4343 878 4425 qui
901 4341 1032 4408 fabulae
1062 4362 1104 4407 ne
1127 4341 1168 4407 ab
1191 4340 1410 4407 Eratosthene
1441 4337 1572 4424 quidem
1601 4344 1732 4423 spretae

395 4467 490 4513 aures
513 4447 671 4532 praebuit,
700 4454 808 4513 tamen
830 4448 873 4514 ab
900 4448 957 4513 illo
984 4449 1175 4532 gravissimo
1205 4468 1315 4513 errore
1338 4447 1433 4512 cavit.
1478 4444 1648 4529 Agrippae
1670 4443 1732 4510 boc

396 4553 588 4620 auctoritate
611 4552 733 4619 factum
757 4575 826 4620 esse
848 4552 1120 4637 Oehmichenus⁴)
1151 4553 1285 4622 censuit.
1336 4558 1371 4618 at
1400 4573 1465 4637 quo
1495 4552 1568 4617 iure
1597 4558 1676 4617 tunc
1697 4551 1732 4614 in

503 4748 513 4780 1

505 4746 527 4904 11
546 4747 846 4892 11111οΡ17131111ωο00100
864 4836 893 4890 in
911 4835 1099 4892 Narbonensis
1118 4835 1304 4906 descriptione
1321 4852 1377 4890 non
1395 4834 1521 4890 inveniri.

505 4925 516 4958 u

504 4924 527 5084 *1
545 4923 625 5068 {fii}
641 4925 719 5070 891001.
739 5015 809 5071 1880
827 5032 855 5084 p.
868 5014 911 5069 44.
948 5013 1080 5068 nimirum
1104 5013 1170 5083 quia
1188 5013 1344 5069 Varronem
1366 5028 1540 5067 communem
1564 5010 1732 5066 110100111-

395 5100 479 5169 nique
498 5105 637 5157 auctorem
657 5119 716 5158 esse
733 5107 821 5172 putat
