4275 6025
925 755 1138 854 Α,

368 969 455 1028 Σικε
473 964 560 1041 stag
574 963 658 1032 falso
681 964 831 1033 universa
847 963 889 1031 ad
905 964 1084 1050 Agrippam
1108 962 1232 1032 referri.
1279 985 1354 1030 nam
1369 963 1484 1030 ultima
1500 986 1521 1031 a
1536 962 1698 1031 Strabone

366 1067 481 1137 addita
514 1092 582 1138 esse
614 1070 687 1154 ipsa
720 1072 846 1137 ratione
883 1071 1095 1156 grammatica
1133 1071 1285 1163 cernitur.
1340 1071 1426 1136 unde
1461 1070 1581 1138 cadunt
1615 1091 1698 1156 quae

367 1174 540 1244 Schweder
563 1176 603 1244 cl.
627 1176 715 1243 Mela
730 1178 761 1259 2,
776 1178 839 1245 119
855 1175 931 1242 inde
954 1175 1112 1242 conclusit
1120 1175 1154 1258 ¹).
1170 1197 1172 1201 ’

474 1299 543 1358 tum
577 1292 618 1358 de
651 1291 764 1358 vicinis
795 1289 909 1358 insulis
942 1289 1115 1357 Schrader
1145 1311 1176 1375 p.
1197 1292 1240 1360 86
1263 1290 1380 1375 pergit.
1436 1292 1560 1359 confert
1589 1298 1699 1359 autem

366 1401 568 1486 potissimum
591 1400 676 1466 Plin.
693 1402 723 1482 3,
741 1401 783 1470 92
807 1405 840 1465 et
862 1397 972 1468 Strab.
989 1402 1065 1470 277.
1112 1403 1210 1483 atque
1227 1397 1279 1463 hic
1295 1397 1456 1465 diarmate
1475 1399 1560 1464 inter
1574 1398 1699 1483 Pachy-

367 1528 443 1572 num
467 1512 500 1574 et
522 1507 643 1574 insulas
665 1506 799 1573 Meliten
822 1512 856 1573 et
879 1505 1035 1574 Gaudum
1058 1528 1079 1572 a
1102 1505 1324 1593 chorographo
1346 1513 1476 1591 sumpta
1499 1527 1568 1574 esse
1601 1528 1698 1594 prop·

366 1617 458 1679 terea
480 1612 651 1680 verisimile
685 1632 754 1679 esse
777 1613 924 1691 concedo,
959 1613 1046 1698 quod
1069 1618 1103 1679 et
1125 1612 1256 1680 milibus
1280 1633 1318 1678 ea
1340 1618 1495 1697 concepta
1517 1618 1593 1680 sunt
1616 1614 1697 1680 etis

370 1723 482 1785 auctor
503 1718 601 1803 paulo
624 1723 700 1784 ante
723 1717 885 1787 laudatur.
931 1724 967 1784 at
988 1718 1060 1785 vide
1084 1740 1149 1802 qua
1174 1741 1210 1785 re
1231 1719 1358 1786 Plinius
1381 1741 1402 1786 a
1425 1717 1584 1786 Strabone
1607 1719 1699 1786 dissi·

368 1824 454 1893 deat.
499 1826 552 1892 hic
574 1847 596 1892 a
617 1825 769 1912 Pachyno
792 1832 951 1911 quantum
973 1826 1098 1892 insulae
1122 1825 1252 1910 distent,
1285 1826 1415 1910 indicat,
1440 1827 1496 1892 ille
1520 1827 1561 1894 ab
1581 1825 1699 1912 oppido

367 1930 586 2020 (lamarina2).
633 1933 745 2017 itaque
768 1933 977 1999 temerarium
1000 1938 1084 1999 esset
1105 1933 1185 1999 haec
1208 1931 1411 2000 confundere.
1798 1919 1800 1924 ¹

477 2051 543 2117 iam
565 2051 599 2116 in
623 2049 749 2115 Aeoliis
770 2049 886 2115 insulis
909 2071 1036 2116 summa
1059 2049 1236 2116 similitudo
1258 2050 1343 2115 inter
1357 2048 1457 2115 Plinii
1481 2055 1514 2115 et
1529 2048 1699 2117 Strabonis

367 2154 598 2240 descriptiones
625 2175 703 2220 sane
729 2155 910 2221 intercedit.
956 2160 991 2220 at
1022 2176 1105 2239 qnae
1136 2160 1270 2241 peracta
1297 2153 1511 2240 descriptione
1539 2153 1658 2223 Strabo
1681 2179 1699 2223 e

369 2260 592 2348 chorographo
615 2260 809 2345 adglutinat,
834 2283 873 2328 ea
895 2282 958 2328 non
981 2261 1104 2328 habent
1127 2261 1214 2347 apud
1229 2261 1382 2343 Plinium,
1408 2263 1601 2348 quibuscum
1624 2285 1698 2331 oon-

366 2366 523 2434 ferantur.

480 2505 518 2550 ac
546 2503 586 2549 ne
616 2503 655 2548 ea
677 2481 809 2568 quidem
839 2503 924 2565 quae
952 2488 1066 2568 postea
1097 2482 1139 2550 ed
1169 2505 1261 2551 suam
1293 2485 1474 2570 opinionem
1506 2485 1699 2553 firmandam

367 2589 538 2659 Schweder
560 2590 723 2668 disseruit,
755 2589 798 2655 ad
819 2589 1080 2675 persuadendum
1103 2589 1219 2657 idonea
1242 2597 1326 2662 sunt.
1373 2614 1448 2658 nam
1478 2592 1564 2678 quod
1589 2591 1698 2663 Strab.

368 2697 469 2786 388⁰)
502 2703 627 2765 montes
655 2696 834 2763 Arcadicos
862 2718 880 2762 e
907 2697 1144 2783 chorographia
1175 2719 1323 2765 manasse
1356 2703 1473 2783 censet,
1504 2699 1700 2767 refutatione

367 2827 431 2873 non
465 2811 548 2889 eget,
581 2805 621 2876 cf.
645 2828 676 2891 p.
701 2807 755 2874 83.
801 2805 879 2870 item
906 2805 1053 2889 improbo
1088 2804 1175 2890 quod
1198 2804 1307 2875 Strab.
1332 2807 1407 2876 216.
1431 2809 1496 2878 217
1520 2828 1559 2875 ea
1581 2810 1700 2895 oppida

366 2920 405 2979 nt
426 2912 627 2980 nobilissima
641 2910 693 2977 vel
713 2911 853 2997 insignia
868 2913 1049 2979 enumerari
1072 2911 1227 2999 iudicat⁴)
1251 2917 1422 2999 propterea
1447 2913 1534 2998 quod
1557 2915 1700 2983 coloniae

369 3027 485 3093 essent
532 3042 616 3107 quae
639 3020 748 3106 opinio
768 3020 860 3087 nulla
882 3042 918 3086 re
941 3020 1195 3088 commendatur.
1242 3043 1280 3088 ac
1303 3022 1330 3089 si
1353 3042 1429 3088 vera
1452 3030 1545 3103 esset,
1570 3026 1700 3092 minime

365 3130 441 3197 inde
469 3134 670 3214 sequeretur,
704 3149 743 3194 ea
770 3129 900 3195 nomina
928 3149 968 3193 ex
994 3127 1140 3214 Augusti
1167 3128 1289 3195 tabulis
1320 3149 1391 3195 esse
1421 3135 1567 3215 sumpta:
1599 3129 1700 3215 quid?

368 3235 457 3319 quod
479 3256 520 3301 ne
542 3234 673 3301 milibus
698 3232 828 3319 quidem
850 3234 936 3300 ratio
958 3234 1045 3301 facta
1067 3240 1126 3317 est,
1152 3234 1209 3301 sed
1232 3231 1368 3301 stadiis?

480 3355 591 3435 aperte
623 3354 732 3415 antem
756 3347 928 3416 Schweder
962 3354 1059 3431 errat,
1092 3349 1180 3434 quod
1209 3350 1243 3415 in
1273 3349 1325 3415 via
1348 3349 1460 3436 Appia
1489 3349 1700 3418 describenda

367 3457 506 3524 colonias
535 3455 737 3541 potissimum
760 3476 780 3521 a
803 3454 964 3523 Strabone
986 3463 1251 3524 commemoratas
1279 3457 1373 3524 dicit:
1406 3480 1448 3525 an
1471 3455 1602 3525 Galatia
1631 3480 1700 3525 um·

367 3584 466 3648 quam
488 3562 615 3629 colonia
637 3558 722 3628 fuit?

478 3677 618 3762 denique
641 3682 679 3743 ut
702 3675 788 3761 quod
811 3676 852 3743 de
874 3676 1007 3762 singulis
1022 3678 1120 3744 rebus
1136 3678 1322 3745 disserendo
1347 3678 1519 3761 effecimus,
1543 3682 1576 3746 in
1599 3703 1698 3747 unum

366 3788 566 3871 colligamus,
589 3784 669 3851 haec
690 3785 795 3851 teneri
817 3785 928 3850 velim:
961 3783 1153 3852 Strabonem
1185 3785 1420 3872 chorographia
1443 3789 1613 3872 Agrippae
1635 3808 1699 3854 uon

366 3916 461 3962 usum
483 3915 553 3961 csse
575 3892 639 3957 nisi
661 3890 719 3956 ubi
742 3890 862 3956 diserte
878 3911 952 3957 eum
967 3896 1133 3958 auctorem
1148 3892 1276 3976 laudat;
1302 3914 1384 3977 quae
1405 3894 1490 3960 inter
1506 3892 1699 3961 Strabonem

366 4002 508 4068 Plinium
538 3998 659 4065 Melam
691 3996 863 4063 intercedit
893 3996 1046 4080 affinitas,
1072 4018 1144 4063 eam
1167 3997 1313 4081 qualibet
1344 3999 1408 4065 alia
1438 4000 1564 4066 ratione
1597 4001 1699 4086 expli·

366 4106 503 4174 cendam
526 4126 604 4189 esse,
628 4123 693 4169 non
716 4125 753 4171 eo
777 4103 860 4170 libro
884 4104 1040 4171 adhibito.
1087 4105 1185 4171 immo
1208 4104 1363 4190 quicquid
1386 4106 1506 4173 adhoc
1521 4128 1603 4191 opus
1625 4129 1699 4193 per-

364 4216 458 4302 tinet,
480 4236 501 4282 a
521 4213 648 4296 reliqua
670 4232 782 4277 eorum
805 4210 1021 4297 descriptione
1042 4213 1175 4281 recedit.

474 4350 532 4395 cur
553 4349 628 4395 vero
651 4328 771 4396 Strabo
798 4349 879 4413 opus
902 4328 1110 4415 Agrippeum
1134 4350 1198 4395 nou
1222 4329 1290 4395 eius
1310 4329 1439 4395 nomine
1462 4329 1611 4396 citaverit
1632 4328 1700 4397 for-

365 4440 450 4507 sitan
467 4456 613 4523 quaeras,
634 4436 826 4522 praesertim
842 4454 916 4499 cum
931 4434 1059 4500 Plinius
1075 4435 1116 4500 de
1131 4441 1262 4502 auctore
1278 4457 1342 4503 non
1358 4434 1525 4502 dubitasse
1541 4436 1697 4503 videatur.

474 4713 495 4782 ¹)
513 4709 602 4767 Beer.
623 4707 655 4763 II
674 4726 701 4779 p.
714 4709 758 4766 88.
770 4724 865 4780 progr.
885 4707 951 4763 Kiel
969 4709 1040 4766 1879
1053 4728 1081 4781 p.
1095 4712 1129 4767 16
1143 4710 1205 4767 adn.
1220 4712 1245 4766 2.

474 4800 628 4873 ¹)minime
654 4796 724 4851 mihi
750 4797 885 4867 probatur
911 4796 1038 4853 Partschi
1065 4798 1137 4853 ratio
1165 4799 1213 4868 qui
1235 4798 1291 4855 l.1.
1314 4816 1341 4869 p.
1366 4800 1400 4856 58
1427 4799 1567 4871 πρόκειται
1593 4797 1622 4853 δὲ
1648 4818 1698 4853 του

364 4888 496 4954 Παχύνου
517 4892 594 4961 <nal
612 4887 658 4954 virs
676 4886 871 4959 Kamiros>
893 4884 999 4953 Μελίτη
1013 4927 1040 4943 ..
1059 4890 1104 4939 καὶ
1124 4883 1229 4943 saetae
1251 4884 1418 4957 ὀγδοήκοντα
1444 4892 1489 4940 καὶ
1522 4887 1594 4941 ὀκτὼ
1621 4886 1698 4956 pilea

364 4974 411 5042 τῆς
429 4969 513 5047 &eae
530 4973 682 5049 ἀμφότεραι
700 4973 833 5041 διέχονσαι
851 4976 979 5035 coniecit.

473 5062 497 5135 ⁸)
514 5081 595 5135 prog.
613 5066 688 5122 Kiel.
706 5066 776 5123 1879
795 5083 822 5136 p.
841 5066 867 5123 8.

472 5154 496 5226 ¹)
513 5151 603 5217 Beitr.
621 5156 667 5213 ΠΙ
687 5158 757 5215 1883
774 5174 803 5228 p.
822 5159 865 5213 50.
