4275 6025
1046 732 1110 796 124

515 948 586 1011 tum
602 943 799 1028 Hispaniam
821 942 941 1027 partim
963 943 997 1007 in
1014 941 1096 1009 duas
1111 942 1291 1028 provincias
1307 942 1491 1025 antiquiore
1505 964 1603 1025 more,
1627 943 1747 1027 partim

410 1049 534 1116 intres
557 1048 658 1115 dividi
681 1048 768 1133 apud
792 1046 934 1114 Plinium
958 1068 1058 1132 supra
1081 1070 1113 1133 p.
1126 1051 1169 1119 66
1190 1046 1338 1117 vidimus.
1384 1048 1468 1114 hanc
1482 1050 1690 1133 partitionem
1706 1049 1748 1115 ab

409 1154 562 1241 Agrippa
584 1175 653 1221 esse
669 1153 841 1240 probatam
856 1154 976 1221 ibidem
997 1155 1211 1239 exposuimus.
1246 1174 1343 1240 porro
1358 1154 1392 1220 in
1412 1152 1524 1222 Sicilia
1539 1155 1748 1222 describenda

409 1283 431 1328 a
457 1261 565 1328 Plinio
594 1260 802 1328 Varroniana
832 1264 865 1326 et
895 1259 1065 1345 Agrippea
1097 1260 1320 1345 conglutinata
1355 1280 1424 1326 esse
1458 1260 1748 1327 demonstravimus

410 1390 442 1453 p.
467 1372 564 1451 btsq.
614 1368 672 1433 sed
695 1367 986 1435 luculentissimum
1019 1366 1300 1434 contaminationis
1323 1366 1505 1451 exemplum
1534 1366 1748 1453 Peloponnesi

410 1472 545 1558 praebet
568 1472 752 1558 descriptio.
798 1473 853 1538 hic
876 1471 962 1556 quod
984 1473 1089 1539 maria
1111 1472 1239 1538 diversa
1266 1493 1336 1537 eam
1360 1472 1483 1539 alluere
1504 1473 1656 1539 dicuntur
1678 1479 1709 1555 4,
1728 1476 1747 1544 9

411 1585 445 1645 et
467 1586 498 1663 4,
516 1581 557 1648 19
581 1599 645 1645 non
668 1579 716 1644 ita
738 1579 920 1663 presserim.
967 1600 1165 1663 quamquam
1187 1600 1229 1645 ne
1252 1579 1312 1644 hoc
1328 1579 1458 1663 quidem
1481 1579 1578 1664 plane
1596 1601 1750 1665 spemen·

410 1687 500 1765 dum,
523 1692 697 1771 propterea
719 1684 807 1767 quod
831 1682 960 1751 lonium
982 1706 1073 1751 mare
1088 1689 1120 1769 4,
1140 1687 1161 1755 9
1183 1684 1323 1769 amphus
1346 1683 1477 1751 extendi
1500 1684 1628 1751 videtur
1650 1706 1748 1769 quam

410 1795 512 1876 4,19.
559 1792 616 1859 sed
645 1792 686 1859 de
716 1792 859 1859 maribus
887 1792 952 1858 alia
979 1792 1147 1858 occasione
1173 1792 1349 1858 videamus.
1396 1791 1476 1858 fines
1498 1798 1660 1858 terrarum
1682 1814 1747 1859 non

411 1898 606 1965 conveniunt
624 1919 696 1963 cum
719 1898 791 1983 ipsa
804 1897 1039 1983 'descriptione
1087 1920 1163 1963 nam
1185 1903 1219 1982 4,
1234 1902 1274 1968 16
1291 1897 1473 1964 aPaenaro
1496 1899 1650 1984 incipitur
1672 1920 1752 1983 ager

412 2004 593 2071 Laconicus
617 2009 650 2069 et
672 2004 783 2070 Malea
803 2004 990 2071 includitur.
1037 2007 1072 2069 at
1094 2003 1224 2070 Pherae
1246 2004 1389 2070 Leuctra
1411 2005 1600 2091 Cardamyle
1616 2006 1752 2072 Anthea

412 2110 543 2196 Thyrea
566 2108 712 2177 Gerania
735 2111 856 2195 oppida
878 2117 971 2177 extra
993 2131 1048 2178 eos
1070 2110 1151 2178 fines
1167 2112 1231 2177 sita
1246 2117 1333 2178 sunt.
1371 2112 1483 2197 itaque
1498 2133 1562 2177 non
1583 2133 1624 2177 ex
1638 2110 1750 2177 eodem

414 2218 504 2284 fonte
527 2217 626 2284 ducta
650 2223 736 2296 sunt,
760 2217 847 2284 unde
869 2216 960 2288 fines.
1007 2218 1127 2302 quibus
1151 2239 1190 2284 ex
1212 2217 1340 2304 oppidis
1363 2217 1535 2285 Schweder
1544 2218 1571 2306 ¹)
1591 2218 1751 2284 Anthiam

413 2323 573 2408 'Phyream
588 2322 714 2390 Pheras
737 2324 840 2391 solum
856 2324 1009 2409 Augusto
1033 2325 1212 2409 imperante
1235 2325 1295 2392 sub
1319 2324 1444 2391 dicione
1463 2324 1629 2391 Laconum
1651 2323 1751 2390 fuisse

414 2429 657 2498 demonstravit.
707 2450 792 2513 quae
826 2450 900 2496 cum
934 2430 982 2495 ita
1011 2430 1086 2509 sint,
1121 2431 1176 2496 rix
1205 2430 1338 2496 dubium
1373 2436 1423 2497 est
1457 2431 1537 2514 quin
1569 2429 1751 2515 Agrippam

413 2542 579 2604 auctorem
611 2536 670 2602 illa
704 2536 835 2602 nomina
868 2555 947 2620 pree
981 2556 1015 2601 se
1050 2535 1167 2602 ferant.
1222 2537 1359 2603 artiores
1392 2536 1493 2621 igitur
1526 2536 1605 2602 fines
1639 2536 1682 2603 ab
1714 2557 1753 2603 eo

413 2643 512 2709 alieni
535 2647 619 2709 sunt.

521 2750 634 2832 itaque
666 2768 686 2815 a
715 2748 822 2815 Plinio
852 2748 1034 2817 Varronem
1081 2748 1327 2833 Agrippamque
1360 2749 1452 2818 iuxta
1485 2747 1649 2815 adhibitos
1682 2770 1753 2815 esse

414 2856 644 2942 perspeximus.
691 2850 757 2921 iam
779 2856 951 2939 quaeritur
973 2856 1063 2920 cuins
1087 2855 1231 2921 ordinem
1254 2860 1382 2921 secutus
1405 2856 1457 2922 sit.
1491 2861 1588 2940 atque
1603 2855 1755 2939 Agrippa

416 2984 482 3048 quo
498 2962 611 3030 ordine
633 2962 667 3028 in
683 2959 902 3028 descrihendis
918 2960 1072 3045 Europae
1095 2961 1192 3027 terris
1213 2961 1415 3046 processerit,
1438 2961 1514 3028 inde
1528 2961 1606 3029 licet
1627 2963 1753 3030 conclu·

415 3071 502 3151 dere,
532 3069 619 3154 quod
647 3068 689 3134 ab
714 3067 877 3152 Hispania
904 3067 1073 3133 exordium
1100 3068 1194 3152 cepit.
1240 3067 1328 3132 hunc
1354 3067 1455 3151 igitur
1481 3068 1515 3133 in
1543 3067 1753 3153 dispositione

416 3200 457 3244 ex
478 3183 572 3261 parte
595 3176 711 3241 saltem
734 3173 861 3240 Plinius
885 3180 1014 3239 secutus
1038 3178 1097 3239 est.
1144 3177 1258 3241 contra
1279 3173 1365 3239 unde
1384 3175 1488 3241 Varro
1511 3176 1661 3258 coeperit,
1687 3197 1753 3259 qua

313 3359 315 3363 ⁸
415 3285 592 3351 directione
615 3302 705 3348 oram
733 3282 857 3366 legerit,
886 3286 988 3347 restat
1015 3281 1249 3366 inquirendum.
1301 3302 1374 3347 cum
1406 3302 1481 3348 vero
1503 3280 1638 3348 diversis
1661 3283 1753 3349 libris

417 3389 552 3457 Italiam
575 3389 802 3473 reliquamque
826 3386 995 3472 Europam
1024 3388 1065 3454 ab
1089 3409 1128 3453 eo
1150 3393 1325 3455 tractatam
1352 3409 1422 3455 esse
1444 3389 1615 3454 verisimile
1638 3391 1689 3471 sit,
1714 3391 1755 3456 de

417 3502 558 3580 utraque
574 3493 741 3580 speciatim
762 3492 936 3561 videamus.
983 3493 1024 3560 de
1040 3491 1139 3561 ltalia
1161 3498 1270 3559 autem
1291 3493 1430 3561 feliciter
1453 3495 1572 3562 accidit
1593 3502 1632 3561 ut
1653 3497 1754 3581 ipsius

419 3603 600 3688 fragmento
617 3600 850 3685 adposuimus,
867 3601 954 3685 quod
970 3608 1131 3666 servatum
1147 3608 1197 3668 est
1212 3601 1299 3686 apud
1310 3601 1454 3668 Probum
1466 3625 1497 3686 p.
1510 3605 1575 3672 326
1587 3602 1752 3687 Hagen⁹lt

417 3711 504 3774 haine
526 3703 625 3774 8888888
644 3708 784 3796 flaminis
811 3711 899 3796 apord
925 3711 1004 3796 quod
1028 3721 1178 3796 purgatus
1202 3720 1244 3772 eat
1268 3708 1381 3773 Orestm
1411 3707 1506 3773 Varro
1531 3712 1666 3774 meminit
1686 3710 1756 3774 Hn·

417 3841 581 3882 manarum
596 3816 658 3881 XI
667 3817 723 3880 sic:
745 3819 831 3880 inntc
847 3817 1000 3902 Rhegium
1020 3817 1108 3900 flavii
1128 3828 1197 3880 eunt
1212 3819 1342 3881 8886886
1363 3829 1472 3903 septem
1487 3838 1554 3903 eqs.
1600 3818 1666 3883 iam
1681 3839 1755 3884 cum

419 3930 532 4010 portus
555 3922 682 3992 Orestis
706 3945 778 3990 cum
802 3924 914 3991 eadem
936 3924 1049 3991 fabula
1071 3925 1261 3992 coniunctus
1283 3927 1518 4010 septentriones
1541 3945 1651 3990 versus
1674 3927 1755 3991 situs

417 4032 471 4111 sit,
496 4030 610 4097 fluvios
634 4051 764 4114 quoque
786 4030 830 4096 ad
853 4051 922 4096 eam
945 4031 1156 4096 directionem
1180 4036 1327 4115 spectare
1349 4029 1517 4114 probabile
1540 4036 1599 4097 est.
1644 4031 1755 4115 itaque

418 4137 529 4207 Varro
551 4136 671 4203 Italiae
699 4156 788 4202 oram
812 4137 858 4202 sic
889 4135 1018 4201 videtur
1045 4135 1175 4219 legisse,
1203 4140 1241 4200 ut
1262 4156 1283 4200 a
1305 4133 1432 4218 Rhegio
1456 4136 1498 4201 ad
1521 4136 1756 4220 septentriones

419 4242 618 4328 procederet.
665 4263 704 4308 ex
737 4243 865 4308 inverso
900 4247 1009 4308 autem
1045 4240 1159 4307 ordine
1191 4241 1225 4306 in
1259 4240 1378 4306 Italiae
1416 4240 1630 4325 descriptione
1668 4241 1756 4307 haud

419 4350 518 4415 semel
541 4369 632 4414 error
653 4355 749 4416 uatus
771 4352 828 4416 est.
873 4350 939 4415 iam
954 4370 1030 4415 vero
1052 4370 1126 4415 cum
1141 4348 1283 4414 eiusdem
1306 4349 1432 4432 generis
1447 4348 1559 4433 lapsus
1581 4349 1615 4415 in
1629 4349 1757 4435 reliqua

419 4474 550 4540 quoque
572 4452 724 4538 Europae
755 4455 952 4520 meridianae
982 4476 1041 4521 ora
1062 4454 1279 4534 inveniantur,
1311 4454 1486 4521 admodum
1512 4455 1681 4539 probabile
1707 4463 1757 4522 est

421 4582 475 4627 eos
508 4559 619 4626 eadem
648 4561 774 4627 ratione
806 4560 1021 4645 explicandos.
1067 4583 1144 4627 narn
1166 4562 1350 4646 Agrippam
1383 4562 1495 4627 eodem
1521 4584 1585 4647 quo
1613 4563 1757 4630 Plinium

420 4671 529 4732 tractu
560 4665 754 4748 processisse
784 4668 812 4732 si
838 4667 1002 4746 concedes,
1031 4667 1126 4734 aliter
1149 4688 1275 4734 errores
1301 4668 1379 4734 oriri
1400 4689 1465 4734 non
1488 4675 1673 4753 potuerunt.
1718 4690 1757 4735 ac

421 4792 461 4838 ne
483 4772 591 4856 potuit
615 4771 745 4856 quidem
760 4771 887 4838 Plinius
905 4773 1149 4842 Varronianum
1170 4794 1301 4841 cursum
1323 4774 1475 4857 retinere,
1498 4774 1527 4841 si
1550 4774 1682 4858 quidem
1704 4777 1757 4858 hio

419 4896 632 4910 ψ

529 4948 550 5016 ¹)
570 4946 699 5019 88888
717 4946 765 5001 111
784 4947 853 5005 msa
872 4964 899 5017 p.
918 4947 952 5002 88
971 4946 1134 5018 emungas
1152 4949 1187 5005 88
1205 4950 1298 5021 (8888)
1317 4968 1344 5020 p.
1363 4950 1424 5008 are.

531 5035 551 5105 ²)
571 5034 744 5090 desideratur
761 5035 835 5106 apud
851 5035 1022 5107 hlirschinm,
1042 5035 1075 5094 de
1094 5038 1228 5095 Varronis
1239 5038 1438 5109 antiquitatem
1459 5056 1551 5096 88888
1573 5039 1758 5097 bumanorum

421 5123 502 5181 libris
519 5125 617 5180 XXV.
654 5124 745 5195 Ieipz.
766 5125 844 5180 Stud.
865 5124 892 5180 V
910 5126 1007 5196 (1682)
1025 5143 1052 5194 p.
1073 5129 1133 5196 laq.
