4275 6025
1024 719 1066 783 53

374 953 446 999 esse
477 930 641 1013 concedes,
673 952 738 1016 quo
770 930 1038 1015 chorographiam
1071 930 1191 998 librum
1221 933 1385 1016 quendam
1408 931 1553 1017 Augusti
1583 935 1712 1002 nornine

377 1039 524 1105 extitisse
547 1038 688 1105 doceret.

485 1165 544 1211 nec
565 1144 669 1228 magis
693 1149 791 1228 uptus
814 1143 856 1210 ed
879 1144 963 1210 idem
987 1143 1273 1212 demonstrandum
1296 1153 1346 1213 est
1376 1147 1462 1213 alter
1490 1147 1593 1214 locus:
1625 1146 1712 1213 Plin.

377 1255 409 1334 3,
421 1253 465 1321 48
488 1274 550 1337 quc
573 1251 604 1314 iu
631 1249 819 1336 repressori
844 1252 1040 1314 necesarium
1072 1262 1114 1315 cst
1147 1262 1297 1316 auctorum
1325 1275 1379 1316 coe
1411 1255 1514 1317 dicum
1542 1253 1714 1339 Augustum

376 1368 523 1422 secuturos
546 1357 822 1442 discriptionemque
849 1355 887 1418 ab
914 1377 946 1420 eo
965 1356 1085 1442 factam
1107 1355 1218 1421 Italiac
1244 1358 1332 1422 muers
1358 1360 1392 1422 in
1417 1360 1548 1444 ropionee
1570 1359 1635 1444 XI,
1663 1361 1715 1425 sed

377 1464 482 1527 ordine
504 1485 536 1528 co
559 1464 613 1549 qui
633 1463 754 1526 litorum
776 1472 871 1525 tracto
902 1463 964 1547 fiet,
995 1483 1062 1546 eqs.
1108 1461 1163 1528 hic
1194 1469 1271 1529 ante
1292 1462 1516 1531 Detleisenum
1547 1465 1714 1532 ferebatur

375 1569 612 1654 descripturus,
635 1567 723 1634 unde
753 1589 844 1634 error
876 1568 916 1634 de
938 1568 1083 1651 Augusti
1113 1589 1211 1653 opere
1243 1569 1372 1636 videtur
1401 1576 1497 1636 natus
1526 1592 1607 1640 esee.
1659 1571 1714 1638 hic

376 1683 486 1742 eutem
501 1675 591 1742 nulla
607 1676 763 1742 varietate
779 1675 935 1742 adnotata
950 1677 1176 1763 demptionem
1191 1676 1303 1757 edidit,
1320 1698 1404 1761 quae
1419 1677 1515 1745 lectio
1529 1677 1572 1744 ad
1584 1698 1712 1745 sensum

376 1784 470 1850 unice
493 1783 737 1851 accommodata
767 1789 825 1850 est.
872 1788 1020 1868 spectant
1050 1784 1135 1850 enim
1165 1782 1223 1848 illa
1251 1783 1352 1850 rerba
1381 1783 1425 1850 ud
1446 1783 1560 1850 ltaliae
1588 1784 1623 1849 in
1654 1782 1714 1849 XI

375 1891 521 1976 regiones
537 1889 735 1970 divisionem,
752 1889 805 1954 cui
820 1889 854 1954 in
870 1890 938 1954 eius
958 1889 1173 1973 descriptione
1188 1887 1316 1954 Plinius
1331 1909 1366 1956 se
1381 1889 1566 1976 applicavit.
1604 1895 1714 1956 tamen

376 2003 548 2082 praeterea
569 1996 617 2061 nil
639 1994 762 2080 proprii
778 1994 931 2078 Augusto
945 1992 1120 2060 vindicavit
1133 1994 1168 2059 in
1182 1993 1283 2059 Italia
1298 1994 1487 2062 enarranda.
1527 2017 1602 2061 nam
1617 2015 1714 2081 opere

378 2103 552 2188 Augusteo
575 2104 609 2167 in
631 2101 794 2185 Hispania
823 2107 857 2165 et
879 2099 990 2168 Gallia
1019 2101 1084 2166 iem
1116 2106 1214 2166 antea
1244 2122 1321 2167 usus
1353 2107 1412 2168 est.
1467 2103 1591 2169 accedit
1625 2101 1714 2187 quod

378 2210 466 2274 illins
488 2208 614 2275 indoles
637 2230 657 2274 a
680 2207 907 2294 Detlefseu01)
930 2215 964 2274 et
986 2206 1124 2276 Guntzio
1147 2207 1168 2274 l.
1190 2207 1213 2273 l.
1236 2209 1414 2276 rectissime
1440 2210 1588 2294 exposite.
1617 2211 1714 2295 plene

379 2316 519 2381 aliaest
542 2333 641 2399 quum
664 2314 794 2399 qualem
815 2313 988 2382 Schweder
1011 2314 1076 2380 sibi
1098 2315 1206 2381 animo
1228 2313 1332 2382 finxit.
1378 2316 1525 2401 improbo
1547 2316 1648 2398 igitur
1674 2337 1714 2383 ea

379 2442 464 2507 quae
483 2420 658 2490 Schanzius
681 2419 722 2484 de
744 2419 808 2486 hec
829 2440 866 2485 re
889 2420 1066 2506 disputavit
1074 2418 1112 2505 ²).

484 2529 598 2612 itaque
620 2527 764 2610 Augusti
791 2547 907 2594 nomen
939 2526 981 2592 ab
1012 2527 1071 2594 illa
1102 2526 1339 2612 chorographiis
1368 2525 1454 2592 libro
1485 2526 1715 2610 comprehensa

377 2634 493 2720 procul
515 2634 702 2701 babendum
724 2641 783 2702 est.
829 2657 905 2702 num
931 2636 1179 2702 commentarios
1209 2635 1251 2700 ab
1274 2633 1423 2720 Agrippa
1453 2632 1615 2700 coniectos
1644 2655 1715 2700 esse

377 2746 515 2809 constat.
562 2763 634 2808 cum
656 2743 716 2810 boc
738 2743 838 2826 igitur
861 2743 954 2809 uobis
968 2763 1022 2808 res
1038 2749 1097 2813 est.
1136 2743 1170 2808 id
1185 2742 1273 2827 quod
1288 2741 1459 2809 Schwede'r
1473 2740 1543 2824 ipse
1558 2741 1712 2825 agnoseit,

376 2869 450 2914 cum
487 2848 672 2933 fragmenta
705 2851 876 2936 Agrippea
910 2851 978 2916 sine
1012 2850 1082 2917 ulla
1113 2849 1316 2917 dubitatione
1349 2846 1604 2934 chorographiae
1638 2869 1715 2915 suae

377 2953 578 3041 adsofibitss).
921 2965 923 2969 ·

485 3069 585 3147 atque
615 3061 701 3129 idem
731 3063 909 3130 rectissime
932 3061 1189 3130 Oehmichenum
1219 3060 1362 3147 graviter
1391 3079 1516 3125 errasse
1546 3058 1713 3127 contendit

377 3190 415 3237 eo
451 3169 538 3255 quod
572 3168 693 3235 Melum
727 3170 935 3254 Pliniumque
969 3170 1004 3235 in
1036 3188 1096 3234 ora
1128 3171 1256 3233 tentum
1291 3164 1502 3231 describenda
1534 3167 1715 3234 consentire

379 3276 513 3346 censuit.
559 3297 633 3341 nem
657 3278 690 3342 in
713 3276 959 3344 mediterraneis
982 3296 1112 3361 quoque
1143 3273 1328 3357 regionibus
1358 3294 1516 3338 summam
1545 3274 1632 3341 inter
1661 3295 1715 3343 eos

378 3392 506 3449 exstare
528 3381 781 3465 similitudinem,
806 3384 854 3448 itu
875 3388 913 3448 ut
935 3382 1018 3449 falso
1045 3380 1089 3447 ud
1119 3401 1199 3466 opus
1230 3378 1363 3463 aliquod
1393 3378 1434 3443 de
1464 3399 1522 3446 ora
1550 3382 1715 3448 maritima

378 3489 570 3573 inscriptum
593 3508 647 3556 eus
670 3489 785 3556 referri
807 3495 973 3575 appareat.
1021 3509 1120 3573 quam
1142 3508 1211 3553 rem
1234 3489 1355 3573 optime
1371 3484 1543 3554 Schweder
1565 3490 1716 3573 exposuit

378 3596 518 3681 primum
542 3594 672 3679 quidem
695 3595 790 3661 Boiu.
815 3595 854 3661 11
879 3598 965 3666 1878
987 3617 1018 3680 p.
1044 3599 1118 3679 deq.
1150 3600 1263 3679 postea
1285 3594 1359 3659 aliis
1381 3594 1459 3660 locis
1486 3594 1715 3678 compluribus.

378 3712 488 3767 tamen
511 3700 599 3786 quod
622 3702 762 3785 septenis
784 3700 863 3767 locis
886 3700 1006 3766 Melam
1029 3700 1240 3784 Pliniumque
1262 3700 1375 3766 eudem
1398 3698 1551 3764 exhibere
1565 3700 1714 3781 asseruit,

378 3830 463 3893 quae
487 3830 507 3875 a
530 3807 755 3875 Miillenhoifio
778 3808 1032 3894 chorographiae
1055 3808 1104 3874 illi
1124 3829 1223 3893 quam
1242 3827 1414 3892 perperam
1430 3805 1573 3889 Augusti
1588 3806 1716 3871 nomine

378 3917 511 3985 inscribi
533 3917 628 3983 modo
651 3914 798 3999 vidimus,
822 3916 946 3981 tributu
970 3921 1054 4000 sunt,
1079 3936 1119 3981 ee
1141 3935 1194 3980 ree
1215 3935 1280 3982 uon
1302 3913 1385 3978 adeo
1406 3932 1465 3977 nos
1487 3912 1595 3977 movit.
1640 3932 1716 3977 nem

377 4026 406 4091 si
421 4024 604 4091 accuratius
618 4022 805 4107 inspexeris,
829 4029 887 4088 aut
904 4024 992 4107 origo
1008 4023 1179 4107 Agrippea
1194 4021 1325 4087 illorum
1339 4019 1483 4085 locorum
1497 4017 1628 4083 minime
1642 4039 1716 4102 pro·

378 4130 496 4199 babilis
512 4136 561 4196 est
576 4134 635 4196 aut
651 4130 780 4195 omnino
795 4150 880 4214 quae
895 4130 1078 4196 communia
1093 4134 1169 4196 sunt
1179 4128 1287 4195 Melae
1302 4148 1376 4192 cum
1387 4125 1495 4192 Plinio
1510 4124 1552 4192 ab
1565 4125 1717 4211 Agrippa

379 4260 479 4323 quam
508 4238 647 4305 maxime
678 4236 785 4303 aliena
815 4235 933 4321 sunt4).
980 4238 1065 4303 idem
1092 4236 1180 4303 valet
1202 4234 1243 4302 de
1265 4236 1312 4301 eis
1334 4233 1415 4301 locis
1438 4253 1521 4317 quos
1544 4231 1716 4300 Schweder

379 4346 421 4413 ab
445 4346 598 4431 Agrippa
620 4345 777 4430 originem
799 4344 930 4411 duxisse
952 4350 1056 4429 putet,
1081 4349 1114 4411 et
1136 4344 1206 4429 ipse
1227 4339 1488 4408 Mullenhoffium
1512 4347 1650 4410 secutus.

485 4453 565 4541 haec
597 4452 653 4518 ille
687 4453 834 4537 exposuit
856 4452 955 4524 Beitr.
979 4452 1019 4519 II
1047 4455 1135 4522 1878
1165 4475 1197 4538 p.
1222 4456 1319 4534 14sq.
1350 4448 1407 4516 ubi
1438 4447 1479 4514 de
1508 4448 1616 4515 indole
1646 4448 1715 4513 eius

489 4668 509 4737 ¹)
529 4669 674 4721 comment.
693 4666 855 4722 Mommsen.
893 4664 963 4720 1877
981 4681 1009 4733 p.
1030 4664 1073 4720 34.

488 4755 509 4825 ²)
528 4754 593 4811 bist.
611 4755 666 4814 litt.
685 4754 766 4810 Rom.
786 4753 817 4809 ΙΙ
838 4757 852 4809 1
873 4752 956 4810 ’1899
975 4772 1002 4824 p.
1023 4756 1058 4811 10
1077 4756 1105 4807 cl
1123 4753 1184 4808 291.

488 4841 510 4912 ⁸)
529 4840 618 4899 Bcttr.
636 4841 668 4897 H
687 4842 758 4898 1878
775 4860 804 4912 p.
822 4842 885 4911 2eq.
1040 4854 1042 4857 ·

488 4932 510 5002 ⁴)
530 4949 614 4985 unum
633 4931 679 4987 hio
696 4947 771 5002 pono
790 4930 958 5000 exemplumr
977 4928 1051 4984 Plin.
1071 4928 1159 4999 6,107
1177 4926 1212 4984 cl.
1224 4926 1300 4982 Mela
1313 4929 1338 4994 3,
1347 4927 1383 4983 72
1395 4924 1596 4984 Varronienem
1613 4923 1716 4978 doctri·

381 5038 445 5077 nem
471 5038 539 5092 pree
560 5038 590 5077 ee
607 5021 671 5091 fert,
694 5021 729 5077 oi.
750 5020 836 5076 Solin.
857 5022 934 5087 33,1.
970 5018 1005 5074 de
1023 5018 1097 5073 Plin.
1123 5017 1147 5086 6,
1158 5017 1201 5072 38.
1226 5016 1260 5072 38
1283 5016 1318 5070 cl.
1337 5016 1410 5072 liele
1428 5016 1453 5082 3,
1463 5012 1506 5068 38.
1525 5010 1560 5066 89
1579 5010 1614 5064 cl.
1633 5027 1721 5080 supra

379 5128 406 5181 p.
426 5112 469 5167 11.
