4275 6025
1015 702 1081 767 215

380 916 421 984 ci.
445 914 525 985 Sall.
547 914 623 984 hist.
646 914 709 1000 irg.
732 919 763 998 4,
781 915 825 984 27
847 912 982 999 Salam
1003 913 1119 978 accolae
1144 935 1252 976 soram
1274 915 1370 978 maria
1385 916 1544 980 immineas
1560 917 1714 1003 appellant

303 1109 307 1113 ἡ
381 1030 415 1092 et
444 1028 475 1104 4,
492 1024 536 1093 28
569 1020 735 1109 Charybdrh
768 1043 852 1086 mare
881 1021 1086 1090 naamam.
1110 1006 1187 1105 hinc
1220 1022 1425 1105 cognoscitur
1455 1022 1548 1088 illum
1578 1021 1714 1092 Sallusti

380 1138 547 1200 auctorem
568 1116 673 1197 latina
701 1128 814 1214 lingna
843 1149 938 1195 usum
960 1125 1067 1194 inissa
1113 1128 1279 1194 necerim
1303 1127 1399 1195 ahter
1422 1129 1602 1215 explicatur
1625 1130 1713 1199 Plini

380 1245 414 1307 et
435 1237 571 1308 Sallusti
592 1237 627 1304 in
650 1236 807 1305 adiectivo
828 1237 982 1300 veram
1005 1255 1187 1306 consensus.
1222 1234 1333 1301 eodem
1350 1235 1508 1321 ducimur,
1528 1237 1587 1304 ubi
1602 1243 1712 1305 notam

179 1409 180 1416 ,
379 1347 470 1415 illurn
503 1345 755 1432 Saguntinorum
786 1341 916 1410 laudem
946 1343 1125 1408 invenimus
1160 1347 1192 1408 et
1222 1340 1310 1428 apud
1334 1340 1526 1410 Sallustium
1549 1344 1625 1412 hist.
1649 1345 1712 1431 irg.

179 1489 180 1498 .
303 1489 309 1503 .
380 1457 412 1538 2,
429 1458 473 1526 64
510 1452 675 1538 Saguntini
707 1453 773 1540 fida
810 1461 897 1536 otqra
934 1450 1089 1513 ammae
1125 1448 1229 1512 incluti
1267 1455 1300 1515 ct
1337 1449 1425 1535 apud
1462 1449 1583 1518 Melam
1622 1455 1652 1534 2,
1670 1455 1724 1524 92·

380 1561 550 1648 Saguntum
571 1559 659 1623 itam
676 1560 744 1648 fida
766 1569 854 1643 atque
876 1558 1029 1622 aerumnis
1062 1557 1207 1620 inclutam
1240 1556 1449 1642 Pliniumque
1473 1561 1504 1638 3,
1519 1562 1563 1629 20
1594 1558 1713 1648 Supina-

379 1679 443 1732 tum
478 1667 626 1754 oppidum
659 1667 726 1754 fide
755 1664 860 1729 nobile.
908 1683 1107 1749 quamquam
1138 1663 1223 1748 apud
1253 1662 1374 1731 Melam
1405 1664 1458 1730 hic
1489 1685 1530 1731 ex
1559 1664 1713 1734 Sallustio

347 1847 349 1852 ,
380 1775 577 1861 simpliciora
599 1773 709 1860 qualia
730 1770 858 1837 Plinius
880 1769 1026 1855 praebet,
1050 1775 1208 1836 exornata
1231 1791 1386 1838 essenon
1409 1772 1584 1840 reiecerim.

495 1886 554 1947 ne'c
576 1880 739 1947 omiserim
765 1877 820 1945 hic
841 1878 998 1945 adnotare
1020 1876 1101 1946 Sall.
1125 1878 1199 1944 hist.
1223 1877 1285 1962 frg.
1310 1881 1341 1962 3,
1358 1881 1400 1950 63
1410 1878 1435 1963 1)
1459 1880 1498 1946 cl.
1521 1878 1607 1946 Plin.
1622 1885 1655 1962 4,
1671 1885 1713 1953 86

378 1988 467 2057 Mela
491 1991 603 2073 1,102
632 1987 682 2053 uti
704 1986 867 2053 locutione
890 2006 974 2071 quae
996 1985 1113 2052 horum
1135 1987 1261 2053 auctori
1282 1985 1532 2053 familiarissima
1556 1992 1618 2053 est:
1647 1987 1713 2054 effi·

379 2096 484 2164 ciendi
518 2094 625 2162 verbo.
672 2093 811 2179 denique
844 2115 885 2160 ex
915 2093 1126 2160 historiarum
1160 2093 1350 2179 fragmentis
1384 2093 1520 2161 affertur
1544 2098 1574 2177 3,
1590 2101 1634 2164 44
1666 2098 1715 2160 cai

380 2203 531 2268 oblivionb
553 2223 658 2266 nomen
679 2200 911 2287 condrtiaanffl)
936 2222 1075 2285 quocum
1097 2207 1185 2267 recte
1209 2207 1398 2286 comparant
1421 2201 1527 2268 Malae
1552 2205 1582 2284 3,
1602 2205 1643 2272 10
1666 2205 1715 2267 cai

379 2311 531 2376 oblivionis
553 2330 710 2394 ropuoowa
733 2306 930 2393 arsimus
954 2312 988 2373 et
1002 2304 1093 2374 Plini
1115 2313 1147 2382 4,
1165 2310 1228 2376 115
1253 2306 1290 2369 ab
1313 2307 1411 2371 Minio
1435 2357 1469 2376 ..
1495 2299 1552 2373 CU
1564 2319 1598 2372 at
1613 2321 1714 2374 auctu

379 2429 421 2482 eat
448 2415 549 2480 Varro
571 2416 737 2499 Aeminius,
771 2435 858 2501 quern
890 2415 965 2478 alebi
997 2415 1122 2501 puellam
1155 2413 1324 2498 intellegant
1357 2425 1383 2478 et
1410 2413 1574 2480 Iamaeom
1600 2428 1712 2492 vocant,

379 2523 533 2589 oblivionis
567 2505 709 2608 aramis*
738 2522 832 2586 dous
869 2521 1054 2607 multamque
1084 2520 1254 2606 fabulosae.
1309 2541 1373 2604 quo
1407 2520 1479 2587 loco
1513 2543 1714 2607 summopere

380 2630 553 2698 dolendum
588 2635 648 2714 est,
683 2628 771 2715 quod
804 2629 961 2695 nescimus
995 2649 1060 2714 quo
1094 2629 1223 2694 nomine
1245 2626 1419 2714 Sallustius
1452 2629 1546 2695 illum
1579 2629 1713 2697 fluvium
1845 2647 1847 2651 ·

307 2789 310 2794 -
379 2738 500 2806 dixerit
521 2738 666 2804 Aeminii
688 2757 730 2805 an
751 2735 904 2803 Limaeae
926 2735 978 2802 vel
1000 2735 1137 2802 Limiae.
1185 2757 1268 2820 quae
1291 2756 1343 2802 res
1366 2736 1504 2802 multum
1526 2738 1649 2804 valeret
1671 2739 1726 2806 ad·

378 2845 485 2913 fontes
517 2843 737 2930 inquirendos.
783 2842 842 2910 sed
875 2843 959 2910 sicut
991 2843 1058 2909 iam
1091 2842 1164 2928 plus
1199 2862 1264 2909 uno
1298 2842 1368 2910 loco
1398 2842 1547 2927 indicavi,
1583 2845 1714 2911 minime

374 2948 508 3021 'necesse
531 2951 682 3021 habuisse
704 2951 905 3039 geographos
920 2949 999 3018 mibi
1013 2970 1205 3037 persuasum
1228 2956 1287 3035 est,
1311 2950 1372 3017 hoc
1388 2971 1563 3036 cognomen
1578 2952 1714 3021 ahcuins

379 3060 469 3128 fluvii
490 3060 630 3128 multum
651 3059 792 3127 fabulosi
822 3079 863 3125 ex
893 3058 1032 3127 historia
1060 3063 1182 3144 petere,
1211 3059 1405 3145 praesertim
1428 3079 1500 3126 cum
1524 3059 1604 3127 haec
1626 3059 1714 3145 apud

379 3168 581 3255 geographos
603 3167 682 3233 ferri
704 3165 800 3234 solitu
821 3166 915 3233 testis
938 3165 1024 3233 adsit
1046 3164 1165 3233 Strabo
1189 3168 1264 3237 153.

490 3279 589 3360 atque
610 3273 692 3342 haec
714 3274 844 3358 quidem
867 3273 934 3339 fere
956 3294 997 3339 ex
1019 3274 1162 3340 historiis
1185 3273 1401 3344 conferuntur.
1441 3271 1615 3343 eOatiliua
1630 3297 1714 3343 unus

378 3382 469 3449 locus
491 3382 556 3448 huc
577 3365 734 3467 partinet:
760 3385 841 3464 1o‚1
868 3379 1018 3467 Carthago
1040 3382 1159 3446 aemulo
1185 3384 1293 3469 impari
1313 3382 1456 3463 Romani,
1474 3382 1513 3451 cf.
1529 3382 1714 3461 11613134

382 3487 532 3574 Carthago
556 3540 590 3558 ..
612 3511 692 3553 nunc
710 3488 822 3574 populi
835 3487 971 3551 Romani
991 3489 1114 3563 colonio,
1138 3490 1212 3553 olim
1225 3491 1350 3577 impoti
1364 3492 1425 3555 aiae
1435 3490 1714 3577 pertinccocmala

378 3596 464 3665 Plin.
488 3599 519 3685 5,
535 3597 576 3666 76
599 3594 654 3659 illa
669 3593 807 3659 Romani
827 3592 949 3680 imperti
971 3594 1092 3659 aemulo
1114 3605 1321 3681 terrarumque
1344 3597 1424 3660 orbis
1446 3599 1537 3660 avida
1555 3597 1713 3681 Carthago.

378 3724 575 3789 quamquam
604 3700 799 3768 monendum
827 3705 878 3767 ast
899 3700 1044 3766 Plinium
1078 3721 1142 3766 non
1173 3702 1260 3767 inter
1293 3702 1397 3786 ipsam
1421 3702 1626 3787 Carthaginis
1660 3702 1713 3769 de·

377 3811 583 3897 scriptionem
604 3808 666 3875 hac
687 3806 847 3875 locutione
869 3806 1039 3874 tritissima
1047 3806 1074 3892 ⁴)
1097 3807 1155 3889 uti,
1181 3807 1238 3873 sed
1261 3807 1318 3873 ubi
1339 3808 1379 3872 de
1394 3807 1481 3893 Pyro
1503 3808 1583 3876 iacit
1604 3808 1711 3879 verba.

375 3917 465 3986 haud
497 3916 612 4002 procul
633 3934 709 3981 vero
732 3912 773 3980 ab
797 3934 835 3981 eo
864 3914 935 3980 loco
957 3912 1064 3979 Melae
1094 3912 1184 3978 fonte
1214 3932 1292 3978 usus
1316 3932 1385 3978 esse
1408 3913 1535 3979 videtur
1558 3918 1588 3997 b,
1605 3915 1648 3984 67
1671 3913 1712 3980 ci.

377 4046 477 4112 snpra
498 4045 530 4111 p.
555 4027 607 4095 87.
646 4023 732 4089 unde
756 4021 784 4088 si
806 4020 878 4107 quis
892 4020 1037 4087 Plinium
1060 4018 1122 4086 hoc
1144 4040 1271 4105 quoque
1294 4019 1365 4086 loco
1389 4040 1428 4085 ex
1452 4022 1565 4088 codem
1580 4026 1713 4088 auctore

377 4152 436 4198 sua
457 4130 586 4197 auxisse
609 4128 752 4211 coniciet,
776 4128 870 4194 facile
892 4148 913 4194 a
935 4149 987 4194 ma
1008 4128 1199 4214 impetrabit
1221 4133 1259 4193 ut
1281 4128 1420 4194 credam.

489 4238 636 4321 dispersa
664 4235 729 4303 huc
750 4256 853 4320 nsque
876 4234 1058 4320 fragmenta
1080 4235 1299 4320 comparanda
1323 4242 1425 4304 erant.
1472 4241 1507 4301 at
1529 4236 1563 4301 in
1579 4233 1713 4301 Africae

377 4342 628 4430 coemptiones)
652 4342 774 4427 largior
797 4340 870 4408 fons
892 4341 1089 4427 suppeditat.
1134 4341 1272 4408 contulit
1302 4347 1411 4408 autem
1435 4339 1607 4411 Schweder
1638 4340 1710 4427 lug.

485 4572 508 4644 ¹)
527 4571 563 4630 of.
582 4588 666 4643 supra
684 4590 712 4643 p.
731 4573 793 4630 213.

486 4660 509 4732 ¹)
526 4660 691 4718 {admont
708 4659 827 4716 coniecit
845 4659 1003 4717 Dietschius
1021 4677 1078 4716 non
1095 4660 1154 4716 sine
1173 4659 1292 4730 quadam
1310 4660 1514 4730 probabilitate.
1540 4676 1542 4683 ⁸

485 4748 506 4819 Ι)
526 4749 642 4806 eandem
659 4750 779 4806 formam
796 4749 870 4807 Plin.
889 4752 980 4820 4,112
999 4767 1034 4805 ex
1051 4750 1107 4805 alio
1129 4750 1206 4807 iente
1225 4749 1346 4818 exhibet,
1366 4749 1401 4806 ci.
1421 4769 1448 4821 p.
1467 4752 1568 4821 144sq.

484 4841 507 4909 ⁴)
524 4839 560 4895 af.
579 4840 663 4895 etiam
682 4840 755 4896 Veli.
775 4842 886 4906 1,12‚s
913 4839 1036 4896 Romani
1061 4840 1175 4911 imperit
1204 4839 1340 4911 Carthago
1367 4840 1475 4896 aemula
1500 4841 1591 4905 2,1,1
1611 4841 1713 4894 remoto

381 4928 560 5001 Carthaginis
578 4934 653 4987 meta
671 4929 830 4999 sublataque
847 4929 960 5001 impet
976 4930 1092 4986 aemula.
1131 4928 1195 4985 Seu.
1216 4945 1259 4998 sp.
1273 4929 1349 4984 Luat.
1368 4929 1431 4983 inst.
1451 4929 1589 5000 7,15,15.
1609 4925 1712 4996 Pancg.

377 5016 433 5088 2,8
450 5034 478 5087 p.
498 5020 541 5086 95,
554 5021 589 5077 22
608 5019 707 5075 Baebr.
728 5018 803 5077 Salv.
821 5019 887 5089 gub.
906 5020 932 5089 7,
945 5020 970 5089 6,
984 5020 1008 5074 7.
1028 5019 1064 5075 ci.
1084 5017 1153 5074 Hor.
1173 5018 1252 5089 epod.
1273 5018 1298 5087 7,
1312 5020 1336 5074 5.

483 5107 709 5180 bQstffi
