4275 6025
1042 690 1106 755 100

403 903 571 987 cognitum
607 900 784 969 habuisset.
844 920 919 967 nam
958 902 1069 984 8151)
1106 919 1305 985 quamquam
1343 919 1408 965 uon
1448 897 1568 965 diserte
1607 899 1743 966 Arsiam

407 1010 580 1075 terminum
602 1006 721 1075 Italiae
743 1013 777 1072 et
799 1005 925 1093 Illyrici
940 1004 1110 1091 Agrippae
1124 1005 1252 1071 Plinius
1275 1004 1426 1085 vindicat,
1450 1010 1558 1071 tamen
1580 1006 1635 1071 vix
1657 1007 1744 1091 quis·

407 1137 505 1201 quam
528 1114 614 1181 ausit
637 1134 675 1179 ea
697 1132 781 1198 quae
803 1117 880 1178 ante
896 1110 996 1178 verba
1010 1135 1030 1175 o
1044 1110 1161 1176 Dirino
1176 1114 1220 1176 od
1229 1112 1473 1197 prmuoturiam
1488 1112 1744 1177 Acroceraunium

369 1274 372 1280 .
407 1212 733 1305 UZWAgnppa
749 1218 887 1305 prodidit
909 1217 1075 1303 leguntur,
1097 1217 1140 1284 ab
1162 1218 1232 1303 ipso
1254 1217 1405 1284 divellere
1414 1219 1452 1304 1).
1495 1240 1613 1285 nomen
1634 1223 1745 1285 autern

408 1328 578 1414 Agrippae
600 1331 734 1411 propter
750 1325 917 1410 sequentia
931 1325 1134 1410 potissimum
1148 1321 1358 1391 indicandum
1380 1323 1453 1407 fuit,
1476 1346 1518 1390 ne
1542 1325 1615 1410 quia
1638 1325 1745 1391 sinum

408 1435 500 1501 illum
523 1434 760 1518 Agrippenaem
784 1453 857 1497 oum
879 1429 1094 1499 Varronianis
1117 1430 1338 1497 confuuderet.
1385 1431 1501 1497 deinde
1522 1431 1629 1515 ipsum
1654 1429 1746 1497 fluvii

409 1561 524 1607 nomen
548 1538 679 1603 Diadum
705 1536 875 1622 Agrippae
902 1543 963 1606 est.
1013 1558 1091 1603 nam
1117 1536 1152 1603 in
1178 1536 1336 1622 periegesi
1362 1535 1450 1602 idem
1472 1534 1574 1601 Drino
1600 1542 1745 1615 uocatur,

410 1667 495 1731 quae
531 1645 644 1727 torma,
685 1644 713 1710 si
751 1643 935 1728 analogiam
973 1643 1184 1726 admittimus,
1223 1644 1342 1710 rectior
1379 1641 1517 1721 videtur,
1556 1643 1597 1710 ct
1631 1663 1747 1710 nomen

410 1753 558 1821 Neronis.

500 1858 712 1943 quamobrem
735 1855 888 1942 Agrippa
910 1857 982 1924 vivo
1006 1855 1126 1923 Italiae
1148 1854 1228 1922 fines
1250 1877 1354 1940 usque
1377 1854 1420 1921 ad
1442 1855 1577 1922 Arsiam
1594 1855 1748 1939 *prolatos

412 1987 482 2033 esse
504 1984 626 2031 censeo.
672 1970 708 2029 at
729 1960 899 2030 Strabonis
921 1962 1020 2029 verba
1043 1962 1119 2029 huic
1140 1963 1270 2029 obstare
1292 1961 1441 2029 ridentur
1463 1962 1651 2031 saumatiae.
1690 1960 1748 2028 sed

412 2070 501 2137 haud
523 2070 589 2135 scio
611 2090 654 2135 an
677 2070 772 2135 aliter
798 2090 838 2135 ea
860 2070 956 2136 liceat
978 2070 1131 2156 accipere.
1177 2090 1254 2135 uam
1275 2068 1495 2136 animadverte
1522 2089 1643 2153 quaeso
1669 2067 1749 2152 quid

413 2175 534 2245 Strabo
561 2173 658 2258 paulo
688 2180 764 2240 ante
796 2174 925 2245 dixerit
980 2173 1136 2262 έφαμενῖ)
1166 2170 1243 2239 δ”
1227 2198 1262 2240 aa
1288 2180 1327 2261 τῇ
1348 2174 1514 2261 περιοδείᾳ
1536 2180 1592 2263 τῆς
1612 2169 1750 2252 Ἰταλίας

406 2278 546 2368 'lagoos
576 2273 659 2347 εἶναι
681 2278 829 2366 πρώτους
851 2283 906 2368 τῆς
934 2276 1107 2369 Ἰλλυρικῆς
1128 2282 1294 2368 παραλιας
1323 2290 1463 2363 συνεχεῖς
1484 2286 1524 2366 τῇ
1544 2275 1665 2367 'lacida
1694 2280 1749 2343 καὶ

413 2399 482 2465 τοῖς
497 2385 643 2473 Κάρνοις.
689 2407 773 2471 quae
794 2386 895 2452 verba
917 2392 1065 2470 spectant
1087 2387 1129 2458 ad
1146 2392 1274 2473 tempus
1289 2386 1377 2471 quod
1391 2388 1455 2453 luit
1469 2391 1545 2453 aute
1560 2388 1749 2471 Augustum

415 2501 513 2580 atque
537 2495 664 2579 egregie
687 2494 878 2559 conveniunt
900 2515 973 2559 oum
997 2495 1043 2560 eis
1066 2514 1151 2578 quae
1173 2494 1260 2577 apud
1281 2493 1425 2560 Plinium
1449 2497 1558 2577 &127
1582 2494 1748 2578 leguntur:

414 2602 537 2667 Formio
559 2602 658 2664 omnis
674 2649 682 2666 .
700 2648 733 2667 ..
759 2602 873 2663 antimus
896 2610 998 2665 auctor
1022 2600 1134 2665 Italiae
1155 2603 1305 2666 amirae.
1351 2601 1505 2667 hactenus
1527 2600 1629 2685 igitur
1642 2606 1751 2666 aetate

415 2708 538 2774 liberae
561 2706 760 2791 reipublicae
784 2706 918 2773 Italiam
940 2706 1193 2791 protendebaut3
1225 2707 1278 2773 oui
1309 2708 1487 2774 sententiae
1517 2708 1693 2792 opponitur
1722 2708 1752 2772 is

415 2813 499 2901 finis,
525 2835 620 2898 quem
648 2809 679 2877 oi
706 2818 760 2877 νῦν
786 2808 936 2901 ἡγεμόνες
965 2813 997 2880 h.
1019 2835 1046 2879 e.
1073 2813 1285 2897 imperatores
1307 2814 1553 2880 constituerunt.
1609 2834 1694 2897 quae
1723 2812 1752 2878 si

415 2921 601 3007 probamus,
626 2940 735 2985 omnes
758 2917 968 2985 difficultates
992 2917 1213 2986 diffluxerunt.

526 3026 591 3093 duo
614 3027 715 3110 igitur
737 3026 907 3112 Agrippae
929 3049 1028 3112 opera
1050 3049 1115 3094 nou
1134 3026 1288 3094 confundi
1301 3027 1404 3093 satius
1418 3026 1555 3094 videtur.
1601 3045 1662 3091 nec
1682 3047 1752 3091 um·

418 3141 515 3219 q'uam
537 3132 668 3199 tabulae
691 3135 853 3199 censoriae
873 3155 945 3200 oum
970 3135 1016 3199 eis
1040 3155 1124 3218 quae
1140 3133 1309 3218 Agrippae
1331 3133 1568 3199 commentariis
1584 3131 1752 3213 debentur,

417 3239 521 3306 artius
543 3236 724 3303 cohaerent.
772 3236 871 3320 quid?
914 3239 987 3323 ipsa
1007 3239 1094 3305 ratio
1116 3260 1229 3305 eorum
1251 3260 1356 3305 nonne
1378 3239 1475 3323 plane
1498 3240 1604 3306 aliena
1625 3239 1667 3304 ab
1688 3237 1754 3304 illis

417 3341 604 3412 latereulis?
651 3344 897 3410 commentarios
919 3344 1005 3410 enim
1028 3343 1181 3429 Agrippa
1206 3345 1448 3429 conscripserat,
1481 3350 1519 3410 ut
1550 3365 1661 3411 eorum
1692 3365 1754 3428 ope

419 3451 507 3517 orbis
528 3451 716 3535 pingeretur
738 3450 772 3514 iu
794 3451 922 3534 porticu
942 3449 1110 3536 Vipsania,
1135 3439 1222 3535 quod
1245 3471 1326 3536 opus
1349 3451 1580 3537 perficiendum
1601 3449 1756 3534 Agrippa

418 3557 558 3624 moriens
581 3555 684 3621 sorori
707 3555 901 3638 iniunxerat,
924 3555 1053 3622 tabulas
1076 3561 1114 3621 ut
1128 3576 1242 3623 censor
1256 3555 1447 3637 confecerat,
1470 3557 1520 3622 illi
1534 3555 1577 3622 ad
1590 3558 1756 3640 privatum

419 3664 589 3748 Agrippae
624 3659 743 3727 donum
770 3662 986 3745 pertinebant,
1021 3661 1084 3728 bae
1114 3662 1158 3728 ad
1187 3663 1351 3748 publicum
1381 3663 1620 3747 magistratum.
1673 3684 1757 3748 quae

420 3771 591 3854 Augustus
621 3768 663 3836 ad
690 3767 787 3835 finem
813 3769 967 3853 perduxit
993 3775 1031 3835 ut
1059 3789 1184 3836 censor.
1233 3790 1252 3836 e
1278 3771 1517 3837 commentariis
1544 3776 1655 3837 autem
1681 3775 1757 3856 post

421 3876 590 3960 Agrippae
612 3878 749 3940 mortem
772 3874 1010 3960 chorographia
1033 3874 1122 3941 edita
1143 3896 1214 3942 esse
1236 3876 1373 3954 videtur,
1406 3898 1505 3963 quam
1536 3878 1598 3944 hoo
1627 3878 1758 3944 nomine

421 3981 541 4049 Strabo
564 3980 687 4064 laudat,
710 3981 838 4047 Plinius
861 4003 926 4066 quo
948 3981 1090 4049 indolem
1120 3983 1224 4067 magis
1253 3981 1421 4067 indicaret,
1452 3984 1758 4051 commentariorum

421 4086 655 4171 significatione
663 4085 698 4174 8).

525 4193 662 4278 denique
681 4195 714 4258 in
735 4194 822 4260 calce
837 4193 932 4260 huius
948 4193 1176 4279 disputationis
1191 4194 1277 4261 addo
1292 4194 1334 4262 de
1348 4200 1415 4280 4,b
1431 4201 1552 4266 notam.
1568 4197 1615 4263 ibi
1630 4197 1759 4265 Plinius

422 4320 499 4368 sane
522 4299 556 4364 in
578 4301 847 4385 vituperationem
870 4301 984 4367 merito
1004 4300 1127 4384 incidit,
1151 4302 1337 4386 sieoripsit:
1361 4304 1394 4365 ia
1410 4305 1477 4388 apso
1491 4324 1542 4367 ore
1556 4304 1662 4388 (sinus
1677 4302 1760 4370 Am·

422 4405 539 4491 bracii)
562 4405 676 4469 colonio
691 4406 822 4489 Augusti
835 4406 957 4469 Actium
979 4428 1046 4469 oum
1070 4407 1178 4492 templo
1193 4406 1346 4492 Apollinea
1369 4407 1462 4471 nobili
1483 4430 1521 4472 oo
1535 4410 1651 4474 aaaa
1665 4408 1760 4472 Ebora

422 4511 646 4598 Nicopolitana.
692 4511 746 4578 hio
766 4513 864 4598 plane
890 4514 1064 4598 comprobo
1092 4512 1180 4599 quod
1202 4510 1396 4598 contuns‘)
1427 4519 1542 4580 contra
1564 4513 1759 4581 Bursiauum

423 4622 636 4633 ...—-—-—-

533 4652 553 4723 1)
571 4650 643 4706 adde
661 4651 736 4720 quod
755 4650 842 4709 Divis.
861 4652 920 4708 orb.
939 4653 956 4709 9
975 4651 1059 4709 ltalia
1076 4653 1160 4708 fluuio
1178 4651 1263 4707 Areia
1281 4651 1386 4709 finitur.

532 4743 543 4775 a
621 4742 637 4780 o

534 4739 805 4900 {distollunt
821 4829 915 4899 vargo,
934 4829 958 4884 a
975 4830 1042 4900 qua
1059 4830 1150 4898 vua,
1169 4829 1299 4886 emim
1317 4830 1342 4898 a,
1352 4829 1396 4898 17,
1414 4827 1462 4883 uer
1480 4829 1566 4884 vana
1573 4826 1714 4900 porticam
1726 4844 1761 4884 a

424 4915 605 4974 desdnbtioac
622 4919 650 4973 ct
667 4915 858 4972 commentaria
876 4915 918 4972 M.
932 4918 1076 4990 Agrippae
1093 4935 1111 4973 a
1129 4934 1222 4976 rurore
1239 4917 1298 4974 cias
1314 4915 1472 4974 inrotatum
1491 4916 1685 4990 coniungenda
1700 4931 1761 4972 esee

423 5004 492 5060 mihi
509 5005 621 5074 quidem
638 5009 744 5060 certum
762 5009 813 5061 est.

530 5095 556 5168 ⁴)
574 5095 644 5153 1890
663 5111 690 5165 p.
710 5095 770 5152 513.
789 5093 826 5152 ol.
844 5094 929 5150 etiam
948 5091 1104 5163 Schrader,
1121 5093 1220 5151 Jahrb.
1240 5096 1291 5151 145
1311 5095 1402 5168 (1882)
1419 5111 1447 5166 p.
1467 5097 1530 5153 122.
