4275 6025
1002 698 1022 762 9

349 930 465 996 parum
488 907 652 994 probaret,
677 913 843 974 auctorem
866 907 978 972 statim
1006 928 1075 972 csse
1103 906 1274 974 abiectum.
1320 907 1446 974 solebat
1468 908 1553 973 enim
1576 907 1684 974 dicere

349 1015 475 1084 nullum
499 1035 569 1081 esse
591 1014 711 1081 librum
734 1020 801 1079 tam
825 1013 956 1094 malum,
981 1019 1018 1080 ut
1041 1035 1106 1080 non
1128 1015 1240 1098 aliqua
1261 1022 1357 1098 parte
1378 1013 1546 1099 prodesset
1554 1013 1589 1098 l).

457 1119 619 1188 Catonis
641 1141 755 1186 nomen
779 1119 836 1184 ubi
852 1119 885 1186 in
908 1119 1131 1205 geographicis
1153 1119 1241 1185 Plini
1264 1121 1356 1186 libris
1379 1125 1495 1200 exstat,
1518 1120 1561 1187 ad
1577 1119 1684 1205 Origi-

349 1249 426 1292 num
449 1226 549 1292 libros
572 1231 718 1310 spectare
741 1225 801 1291 viri
824 1225 912 1291 docti
931 1227 1145 1292 consentiunt.
1192 1226 1248 1292 sed
1271 1248 1336 1311 quo
1352 1225 1547 1295 Varronis
1574 1247 1683 1312 opere,

349 1353 428 1397 num
451 1352 515 1397 uno
538 1330 664 1398 Plinius
686 1352 764 1397 usus
791 1331 843 1413 sit,
874 1333 1034 1416 litigatur.
1079 1353 1277 1417 quamquam
1307 1353 1359 1398 res
1388 1332 1489 1399 dubia
1518 1354 1587 1400 esse
1617 1355 1683 1400 non

241 1455 243 1459 ·
349 1443 466 1522 potest.
511 1443 610 1522 atque
633 1459 672 1504 ea
695 1458 778 1522 quae
801 1437 923 1505 diserto
939 1440 1125 1505 testimonio
1140 1440 1181 1504 ad
1197 1460 1270 1504 eum
1285 1439 1479 1521 referuntur,
1504 1442 1684 1524 composuit

350 1542 632 1628 Oehmichenusi).
670 1545 754 1610 idem
769 1547 946 1612 rectissime
962 1547 1067 1630 coepit
1083 1545 1283 1630 distinguere
1305 1547 1362 1631 qui
1378 1546 1439 1612 loci
1455 1547 1556 1613 exeis
1571 1553 1685 1631 postea

349 1650 383 1716 in
407 1656 592 1717 contextum
614 1653 729 1718 inserti
750 1654 825 1737 sint,
857 1655 913 1739 qui
940 1675 1013 1719 cum
1035 1654 1106 1737 ipso
1128 1653 1289 1719 artissime
1311 1653 1514 1722 cohaereant.
1558 1653 1618 1719 hos
1641 1653 1686 1720 ad

348 1757 467 1824 librum
490 1759 530 1825 de
552 1781 611 1826 ora
633 1762 797 1827 maritima
823 1762 981 1845 seriptum
1008 1760 1148 1839 rettulit,
1179 1760 1253 1826 illos
1284 1759 1416 1826 aliunde
1450 1761 1569 1844 petitos
1600 1780 1683 1827 esse:

348 1863 545 1949 legationum
568 1866 660 1933 libris
684 1888 738 1934 eos
761 1866 872 1933 deberi
895 1869 1021 1935 statuit.
1060 1872 1168 1932 tamen
1188 1867 1231 1933 ad
1248 1873 1399 1933 neutrum
1416 1868 1517 1932 exeis
1533 1866 1685 1952 operibus

350 1971 512 2054 quadrare
528 1991 667 2056 eaquae
683 1975 714 2052 3,
735 1975 796 2040 109
813 1973 853 2036 de
868 1972 1021 2038 umbilico
1036 1971 1155 2038 ltaliae
1171 1979 1355 2055 narrantur,
1378 1995 1418 2039 ne
1430 1971 1685 2040 Oehmichenum

349 2077 480 2162 quidem
504 2077 600 2162 fugit.
646 2077 705 2144 sed
734 2078 775 2143 de
806 2099 902 2162 opere
929 2084 1042 2163 postea
1068 2078 1258 2161 videbimus,
1298 2081 1387 2166 prius
1410 2081 1497 2165 ipsos
1519 2080 1605 2147 locos
1629 2101 1682 2146 ex·

349 2186 538 2253 eminemus.

457 2289 610 2355 laudatur
625 2290 726 2373 igitur
742 2287 850 2357 Varro
865 2291 1004 2374 primum
1021 2294 1052 2373 3,
1065 2295 1087 2361 8
1103 2290 1143 2356 de
1158 2291 1303 2375 pristinis
1319 2292 1487 2358 universae
1503 2291 1684 2377 Hispaniae

350 2394 474 2464 incolis.
520 2416 560 2460 ca
582 2415 710 2480 quoque
726 2418 810 2481 quae
825 2396 865 2463 de
881 2395 1024 2462 Hercule
1047 2418 1086 2462 ac
1100 2397 1226 2481 Pyrene
1249 2402 1281 2463 et
1297 2396 1439 2463 Saturno
1459 2398 1683 2480 tradebantur,

351 2500 437 2586 apud
460 2522 534 2567 cum
557 2503 679 2586 scripta
702 2501 801 2568 fnisse
816 2523 937 2568 censeo.
971 2501 1190 2586 fragmentum
1212 2525 1289 2568 vero
1304 2503 1409 2587 ipsum
1423 2523 1540 2587 parum
1555 2510 1631 2588 apte
1648 2525 1686 2571 eo

350 2607 419 2674 loco
442 2607 649 2694 invenitur2).
694 2615 731 2675 at
755 2608 863 2677 Varro
890 2629 931 2674 ne
958 2610 1065 2693 potuit
1089 2609 1217 2694 quidem
1247 2610 1281 2675 in
1314 2608 1452 2676 confinio
1474 2609 1630 2674 Baeticae
1654 2614 1687 2676 et

349 2712 601 2782 Tarraconensis
631 2715 673 2781 de
703 2717 871 2782 universae
894 2715 1075 2798 Hispaniae
1097 2717 1212 2782 incolis
1234 2715 1334 2783 verba
1362 2715 1477 2799 facore,
1508 2736 1584 2781 nam
1606 2717 1687 2782 haec

349 2828 408 2887 aut
429 2826 501 2886 tota
523 2821 686 2907 Hispania
700 2828 903 2907 pertractata
925 2828 983 2887 aut
1005 2823 1038 2887 id
1059 2823 1147 2908 quod
1161 2825 1229 2889 veri
1247 2823 1382 2889 similius
1398 2829 1456 2906 cst,
1478 2824 1512 2889 in
1528 2822 1686 2907 principio

349 2926 576 3013 descriptionis
613 2929 801 3014 exponenda
835 2928 974 2995 fuerunt.
1028 2929 1140 3015 itaque
1171 2951 1192 2995 a
1222 2929 1331 2995 Plinio
1357 2951 1396 2994 ea
1426 2949 1496 2995 esse
1527 2931 1687 2994 translata

349 3034 518 3121 probabile
541 3042 599 3106 cst.
648 3057 706 3103 cur
727 3058 803 3103 vero
829 3037 891 3105 hoc
912 3038 1113 3121 potissimum
1136 3038 1208 3103 loeo
1231 3037 1436 3105 Varroniana
1465 3037 1587 3103 inserta
1610 3037 1685 3115 sint,

349 3142 499 3237 busseria.
546 3143 732 3210 coniectura
755 3145 788 3209 in
815 3150 969 3229 promptu
992 3149 1055 3211 est:
1088 3144 1135 3209 ibi
1161 3145 1304 3228 primum
1332 3142 1374 3209 de
1404 3142 1519 3209 incolis
1549 3141 1685 3208 alicuius

349 3250 452 3334 partis
475 3248 656 3334 Hispaniae
683 3250 810 3315 Plinius
844 3250 941 3317 verba
972 3249 1062 3316 feeit:
1095 3250 1133 3312 ab
1160 3252 1235 3313 Aac
1265 3261 1364 3314 autam
1395 3250 1547 3313 Atlantia)
1576 3271 1687 3313 ooeaao

350 3355 468 3419 doaso
482 3355 680 3419 Bastulorum
701 3356 960 3442 Turdulorumque
981 3368 1031 3422 art.
1078 3356 1195 3440 quibus
1219 3356 1383 3423 commode
1407 3357 1465 3422 illa
1487 3376 1615 3441 quoque
1630 3355 1687 3421 ad·

350 3463 435 3529 necti
464 3462 667 3529 videbantur.
713 3465 916 3545 agnoscimus
947 3469 1056 3529 autem
1087 3471 1251 3529 auctorem
1280 3462 1464 3529 Romanum
1487 3461 1687 3529 Graecorum

350 3566 503 3652 figmenta
526 3569 730 3654 supplentem
754 3570 793 3635 de
816 3592 873 3636 suo
895 3569 946 3636 vel
968 3571 1193 3654 corrigentem.

458 3675 605 3759 sequitur
628 3680 658 3756 3,
669 3680 712 3745 45
741 3676 822 3739 abere
837 3672 964 3761 (Italia)
988 3698 1007 3737 a
1029 3677 1220 3739 cirmamdatis
1242 3678 1329 3740 arria
1343 3675 1465 3739 Histria
1481 3698 1517 3737 ac
1532 3674 1687 3738 Liburnia

349 3780 531 3865 quibusdam
558 3780 661 3867 boir‘)
692 3792 811 3845 cantara
833 3780 928 3850 mdia.
953 3780 991 3843 ab
1013 3781 1116 3867 Epiro
1138 3783 1365 3867 quinquaqinta,
1393 3780 1432 3843 ab
1457 3780 1563 3865 Africa
1586 3783 1687 3843 minas

349 3888 482 3960 ducenta,
528 3898 561 3951 at
584 3899 687 3953 auctor
709 3901 751 3953 est
774 3888 879 3960 Varro,
902 3888 940 3951 ab
956 3885 1103 3953 Sardinia
1125 3900 1241 3953 centurn
1265 3889 1367 3971 cipitur·
1389 3887 1483 3958 milia,
1518 3887 1557 3948 ab
1579 3886 1688 3951 Sicilia

349 3992 391 4055 M
400 3992 447 4074 D,
470 4016 490 4057 a
514 3992 644 4079 Corcyra
667 3997 766 4059 minas
780 3986 930 4069 ZXYX,
956 3996 994 4059 ab
1017 3995 1085 4059 Iera
1107 3984 1148 4059 Z.
1189 4015 1270 4079 quas
1290 4014 1455 4060 mensuras
1470 3998 1508 4059 ut
1522 3994 1689 4059 universas

350 4100 490 4166 Varroni
513 4100 657 4168 tribuam
680 4123 879 4187 quamquam
901 4104 936 4168 in
958 4124 1023 4169 una
1045 4108 1174 4169 tantum
1197 4102 1390 4179 nominatur,
1416 4120 1454 4165 eo
1476 4120 1687 4183 commoveor,

351 4205 438 4289 quod
460 4205 590 4273 Histria
612 4214 686 4292 post
708 4206 890 4276 Varronem
913 4208 1033 4275 ltaliae
1056 4229 1134 4293 pars
1164 4208 1255 4275 facta
1285 4214 1343 4274 cst.
1390 4208 1549 4274 consentit
1577 4215 1688 4275 autem

349 4332 475 4379 mecum
498 4310 777 4400 Oehmichenusl).
823 4314 880 4381 sed
911 4336 968 4381 cur
999 4316 1033 4381 in
1063 4314 1233 4382 intervallo
1264 4313 1306 4381 ab
1336 4313 1454 4380 Africa
1483 4313 1688 4398 potissimum

460 4455 481 4519 1)
499 4452 571 4510 Plin.
590 4456 670 4524 epist.
690 4456 716 4525 3,
736 4458 760 4525 5,
781 4458 822 4514 10.

459 4543 481 4609 ²)
500 4541 533 4597 dc
557 4542 679 4599 Varrone
696 4547 725 4599 ct
740 4544 857 4600 Jaidoro.
894 4545 1038 4600 Actasoc
1059 4542 1468 4614 Lips.1111873p.432sq.

461 4631 481 4697 Β)
499 4631 576 4686 idem
593 4633 679 4688 sentit
697 4634 899 4689 Oehmichenus
918 4633 992 4690 Plio.
1012 4633 1092 4689 Strrd.
1115 4633 1183 4690 1880
1201 4651 1228 4703 p.
1248 4635 1291 4701 22,
1311 4633 1359 4688 sed
1377 4650 1437 4688 rem
1455 4650 1511 4687 non
1528 4632 1687 4703 explicavit.

457 4720 484 4789 ⁴)
503 4738 571 4789 quos
599 4722 672 4792 apud
701 4721 858 4778 Varronem
885 4723 1041 4776 nominatos
1069 4722 1155 4776 fuisse
1182 4728 1397 4777 cousentaneum
1425 4726 1475 4777 est.
1512 4722 1586 4775 unde
1614 4721 1689 4777 cadit

272 4780 275 4785 ’
350 4806 444 4877 opinio
465 4808 616 4864 cornarani
634 4810 700 4877 (aa
717 4810 920 4883 necesaria,
936 4810 1052 4897 zareas
1074 4810 1105 4865 a
1124 4810 1174 4867 ar
1189 4810 1341 4868 nataae
1359 4810 1490 4869 aaran
1512 4809 1559 4866 aa
1575 4809 1689 4867 Peraea

349 4896 408 4953 aad
429 4897 489 4953 ibre
512 4897 627 4969 Quellcrr
645 4900 714 4955 1901
734 4917 761 4969 p.
775 4899 806 4969 9)
830 4899 878 4969 qui
901 4898 1062 4953 aVarrone
1084 4898 1196 4954 Italiam
1215 4901 1343 4957 Arimino
1370 4900 1478 4957 finitam
1505 4916 1565 4955 esse
1593 4916 1628 4952 ex
1655 4916 1689 4956 eo

349 4985 412 5040 loco
430 4987 568 5042 conclusit
584 4988 720 5057 neglectis
739 4988 879 5043 vocabulis
898 4986 1061 5057 quidusdam
1080 4987 1155 5044 aaa.

458 5077 481 5147 ι)
495 5076 568 5133 aaa
589 5076 669 5133 aaa.
689 5077 760 5134 raso
778 5095 805 5147 p.
825 5078 867 5133 22.
