4275 6025
1050 729 1094 793 20

404 934 596 1030 TXXVS:
619 942 772 1009 hocloco
795 947 853 1008 aut
875 947 949 1026 post
965 940 1216 1007 Eratosthenem
1231 939 1543 1025 Artemidorumqne
1564 941 1596 1007 h.
1619 961 1647 1008 e.
1671 944 1746 1024 post

409 1053 585 1136 Isidorum,
618 1051 702 1116 sicut
724 1054 836 1133 postea
861 1068 1066 1133 exponemus,
1100 1047 1282 1114 autsimul
1309 1068 1381 1115 cum
1412 1050 1459 1115 eis
1488 1051 1654 1133 inspectus
1684 1052 1746 1113 est.

410 1161 512 1245 igitur
535 1157 708 1243 primarius
731 1155 803 1221 lons
824 1175 888 1221 non
913 1162 972 1221 est.

520 1262 636 1329 deinde
659 1265 690 1343 6,
703 1265 763 1331 201
791 1263 911 1329 01202
935 1259 976 1325 de
999 1259 1116 1325 insulis
1139 1278 1215 1324 orae
1233 1257 1368 1326 Africae
1390 1260 1597 1326 occidentalis
1618 1259 1747 1345 praeia-

412 1373 558 1439 centibus
582 1369 728 1436 adfertur
751 1367 864 1435 Sebosi
891 1368 1078 1435 auctoritas.
1124 1386 1292 1431 mensuras
1319 1366 1363 1432 ad
1392 1372 1529 1433 centena
1560 1367 1667 1433 stadia
1698 1386 1749 1431 re·

414 1479 528 1546 dactus
550 1498 620 1543 esse
640 1475 775 1541 Fischer
796 1475 817 1539 l.
842 1474 862 1540 1.
886 1475 1020 1542 monuit.
1067 1480 1138 1538 tum
1160 1471 1299 1538 fortasse
1321 1471 1425 1538 eidem
1441 1471 1565 1540 Seboso
1588 1472 1749 1539 debentur

413 1606 499 1671 quae
529 1589 559 1666 6,
573 1588 639 1654 200
669 1604 710 1648 ex
731 1582 895 1647 Hannone
924 1578 1121 1645 referuntur.
1171 1600 1247 1645 nam
1279 1582 1310 1660 0,
1325 1582 1387 1649 201
1420 1582 1528 1664 pergit
1557 1577 1699 1646 Sebosus
1728 1596 1750 1642 a

414 1690 606 1775 Gorgonum
636 1689 760 1770 insulis,
792 1690 832 1753 de
867 1686 984 1772 quibus
1016 1685 1199 1752 Hannonea
1232 1685 1416 1754 traduntur.
1467 1707 1526 1771 per
1556 1684 1750 1751 Africanum

413 1810 523 1865 autem
553 1795 714 1879 quendam
745 1802 910 1859 auctorem
938 1811 977 1857 ea
999 1791 1108 1856 Plinio
1131 1791 1255 1857 tradita
1284 1811 1353 1857 esse
1383 1791 1458 1857 inde
1488 1792 1646 1876 suspicari
1675 1791 1752 1855 licet

414 1903 504 1989 quod
527 1902 559 1967 in
576 1902 709 1967 Iunonis
732 1900 852 1983 templo
867 1898 1130 1983 Carthaginiensi
1151 1895 1341 1981 Gorgadum
1363 1904 1453 1963 cutes
1473 1905 1636 1984 spectatas
1651 1897 1752 1962 fuisse

416 2014 569 2077 testatur.
616 2007 736 2072 Hanno
757 2008 840 2071 enim
863 2004 968 2091 ipse')
991 2006 1182 2089 simpliciter
1196 2002 1428 2088 Carthaginem
1450 2025 1486 2069 se
1513 2024 1568 2070 eas
1587 2002 1753 2069 rettulisse

419 2114 574 2202 prodidit.
620 2113 760 2181 Sebosus
783 2121 892 2176 autem
916 2120 1025 2177 utrum
1052 2132 1093 2175 ex
1118 2112 1189 2194 ipso
1215 2109 1380 2174 Hannone
1407 2110 1553 2175 hauserit
1583 2131 1625 2176 an
1649 2108 1753 2174 lubae

419 2222 528 2306 potius
556 2218 760 2303 innitatur³)‚
792 2239 887 2302 quem
917 2218 1013 2283 huius
1044 2217 1164 2282 librum
1191 2218 1417 2303 percognitum
1446 2216 1599 2283 habuisse
1628 2224 1754 2281 certum

420 2336 479 2407 est,
504 2348 568 2393 non
592 2326 743 2403 diiudico‚
767 2346 965 2409 quamquam
992 2325 1054 2389 hoc
1077 2330 1210 2409 propter
1237 2345 1277 2390 ea
1303 2344 1388 2409 quae
1411 2324 1497 2390 infra
1519 2323 1560 2389 de
1583 2322 1668 2389 Iuba
1690 2322 1755 2387 dis·

421 2432 631 2519 putabuntur,
656 2435 729 2517 plus
752 2435 819 2499 veri
842 2432 1062 2497 similitudinis
1085 2432 1193 2502 habet.
1737 2506 1740 2510 ,

529 2540 603 2606 (1010
626 2549 756 2625 praeter
778 2541 1013 2625 geographicos
1037 2539 1138 2605 libros
1161 2537 1302 2606 Sebosus
1333 2540 1367 2605 in
1396 2539 1480 2607 libro
1504 2536 1563 2605 IX
1592 2536 1756 2603 adhibitus

422 2653 482 2724 est,
506 2646 545 2712 cf.
570 2645 636 2711 ind.
660 2654 693 2711 et
717 2649 747 2725 9,
761 2650 803 2715 46
826 2648 859 2708 in
886 2644 991 2730 Goupa
1014 2668 1073 2710 0000
1095 2645 1213 2709 Statius
1231 2646 1357 2711 Scdoeus
1380 2648 1452 2711 boot
1473 2647 1590 2711 modico
1611 2643 1758 2706 miraculo

423 2754 513 2840 offert
533 2773 645 2815 uermes
668 2751 797 2814 10001110
820 2750 900 2813 binis
922 2752 1078 2835 0000091010
1093 2750 1444 2830 000110000000001000,
1461 2754 1516 2838 qai
1528 2774 1635 2816 nomen
1650 2774 1670 2813 0
1677 2750 1759 2837 socie

422 2860 623 2941 tractarunt).

529 2964 658 3049 scripsit
681 2984 759 3048 ergo
783 2962 824 3028 de
840 2962 955 3029 Africa
978 2970 1011 3030 et
1026 2964 1124 3030 Asia:
1148 2964 1417 3051 chorographiam
1437 2964 1480 3031 ab
1496 2986 1534 3032 eo
1549 2964 1760 3050 compositam

424 3093 496 3140 esse
518 3072 669 3156 proclivis
693 3073 801 3155 opinio
817 3078 876 3153 est,
900 3092 985 3156 quae
1006 3080 1095 3137 certa
1114 3074 1239 3137 ratione
1254 3073 1468 3139 demonstrari
1489 3073 1612 3157 nequit.
1651 3078 1760 3136 tamen

426 3178 553 3246 Romae
575 3177 626 3241 vel
649 3185 735 3242 certe
758 3179 789 3239 in
815 3176 915 3241 Italia
938 3198 1011 3241 eum
1038 3176 1137 3243 fuisse
1167 3179 1336 3260 collegeris
1366 3199 1407 3243 ex
1438 3178 1544 3244 uerbis
1572 3181 1603 3256 0,
1616 3180 1683 3246 202
1708 3173 1761 3238 Se·

427 3286 515 3349 bosus
544 3284 687 3352 tradit..
714 3283 894 3347 Fortunatus
910 3335 943 3351 ..
968 3287 1068 3348 uocari
1097 3285 1243 3349 10001100
1271 3309 1291 3348 0
1318 3288 1496 3350 (0000011010
1525 3296 1553 3348 ct
1579 3284 1762 3348 Planasiam

427 3416 450 3455 0
477 3391 608 3476 speeie:
632 3390 692 3455 hoc
717 3390 849 3456 Fischer
876 3392 897 3460 l.
922 3391 942 3455 l.
971 3391 1145 3475 explicavit
1168 3391 1205 3455 cl.
1230 3390 1315 3458 Plin.
1340 3394 1371 3474 3,
1385 3395 1430 3461 80
1455 3392 1602 3456 Phanoria
1625 3413 1644 3453 0
1667 3389 1763 3476 specie

428 3498 523 3581 (11010,
546 3496 678 3580 aequalia
693 3496 775 3581 freto
797 3497 919 3581 ideoque
941 3497 1067 3580 aauipiie
1081 3496 1195 3579 fallea.

538 3621 559 3666 a
581 3601 688 3666 Plinio
711 3612 820 3665 autem
842 3603 876 3666 10
898 3603 1009 3666 oceani
1031 3601 1145 3667 insulis
1168 3601 1387 3668 describendis
1410 3609 1581 3688 propterea
1600 3600 1765 3668 adhibitus

431 3730 501 3775 esse
523 3709 660 3789 ridetur,
685 3708 773 3792 quod
796 3707 836 3773 de
860 3710 906 3773 eis
928 3710 990 3793 apsa
1007 3709 1158 3795 predabat
1179 3711 1288 3794 (3,1).

540 3815 679 3899 denique
702 3824 830 3898 praeter
853 3814 1099 3893 Arruntium,
1132 3834 1230 3897 quem
1261 3813 1398 3880 eundem
1427 3835 1496 3880 esse
1526 3815 1583 3900 qui
1612 3813 1767 3881 historias

434 3921 514 3990 belli
536 3920 652 3986 Punici
674 3923 812 4006 scripsit,
846 3942 911 4004 qna
938 3921 1169 4005 probabilitate
1192 3922 1362 3988 coniecerit
1385 3921 1507 3987 Paulus
1530 3921 1570 3987 de
1592 3919 1768 4008 Rohden⁸)

434 4029 551 4109 nescio,
577 4035 608 4092 01
624 4026 850 4092 Fabricium
867 4025 1044 4108 Tuscum,
1068 4024 1109 4091 de
1132 4048 1196 4111 quo
1214 4034 1345 4111 praeter
1359 4026 1502 4092 Plinium
1517 4027 1655 4094 historia
1669 4034 1767 4110 tacet,

435 4141 538 4198 restat
565 4130 603 4198 0.
630 4131 805 4196 Licinius
829 4131 1039 4197 Mucianus.
1085 4132 1126 4198 de
1156 4133 1245 4198 cuius
1275 4132 1342 4197 vita
1371 4138 1405 4197 et
1435 4133 1563 4218 scriptis
1594 4135 1662 4218 egit
1684 4132 1769 4199 Leo·

435 4237 553 4324 poldus
576 4235 739 4320 Brunn⁶).
783 4237 840 4321 qui
862 4236 1046 4320 fragmenta
1068 4236 1233 4302 commode
1255 4237 1387 4322 collegit
1408 4258 1469 4303 nec
1487 4245 1596 4304 tamen
1611 4239 1651 4305 de
1669 4240 1770 4306 totius

549 4397 569 4465 ¹)
582 4387 672 4466 111-7-11
690 4384 860 4448 mli:
876 4383 1108 4450 KXVIHX‘V
1115 4393 1223 4462 reliqui.
1237 4392 1364 4449 ultimum
1377 4411 1522 4450 numerum
1533 4397 1563 4451 in
1575 4396 1600 4451 lt
1612 4401 1772 4466 corruptum

438 4502 500 4540 esse
518 4500 551 4538 eo
570 4488 687 4553 apparet
705 4482 779 4551 quod
792 4483 910 4538 Sebosus
924 4484 1077 4536 stadiorum
1089 4499 1217 4537 mensura
1229 4499 1293 4537 usus
1307 4489 1351 4538 est
1368 4483 1413 4554 (cl.
1426 4483 1542 4540 Fischer
1559 4487 1577 4540 l.
1591 4487 1610 4541 l.
1622 4501 1649 4555 p.
1664 4488 1770 4555 72sq.):

438 4589 494 4628 non
511 4572 603 4641 potuit
620 4562 710 4644 [XVI]
725 4561 786 4626 Π
812 4569 849 4625 II
857 4573 874 4627 i.
889 4571 976 4628 13376
989 4573 1061 4628 stad.
1074 4571 1204 4626 exhihere
1215 4572 1245 4625 in
1257 4588 1288 4626 re
1299 4577 1358 4627 tum
1370 4573 1485 4644 incerta,
1494 4574 1544 4630 aed
1555 4567 1643 4648 wll
1656 4567 1776 4634 mv

438 4662 458 4718 i.
478 4661 566 4717 13100
585 4661 655 4716 stad.
674 4660 704 4712 in
724 4661 747 4712 lt
765 4677 816 4729 pro
839 4659 863 4714 V
882 4661 985 4731 scripta
1002 4660 1030 4717 U
1048 4661 1078 4715 10
1095 4659 1127 4715 Π
1145 4660 1222 4716 abiit.

548 4752 574 4819 ‚u
591 4749 690 4818 peripl.
710 4749 753 4804 18.

550 4840 573 4911 ⁸)
592 4855 647 4908 qus
665 4836 700 4892 de
718 4853 748 4892 re
767 4837 802 4894 01.
821 4836 895 4892 infra
913 4855 940 4907 p.
959 4839 1039 4906 llsq.

549 4929 572 4998 ⁴)
592 4927 628 4980 de
647 4926 723 4981 Mela
741 4927 766 4994 3,
777 4930 810 4980 62
826 4927 861 4980 cl.
880 4928 954 4982 inira
972 4945 999 4997 p.
1018 4927 1061 4982 85.

551 5019 575 5085 ὓ)
594 5015 841 5084 Pauly-wissowa.
852 5014 882 5070 ll
903 5017 979 5072 12112.

550 5106 574 5175 ‘J
593 5104 625 5160 (10
647 5103 676 5165 0.
695 5103 805 5159 Licinio
823 5102 965 5160 Muciano.
1002 5101 1068 5159 diss.
1087 5101 1201 5173 Lipsiae
1220 5103 1299 5161 1870.
