4275 6025
1036 731 1248 829 mu„m

579 947 679 1028 atque
705 943 740 1008 in
770 942 878 1008 lronte
911 941 1145 1027 descriptionis,
1180 947 1218 1007 nt
1252 963 1313 1026 par
1348 946 1408 1020 est,
1442 961 1610 1008 mensurae
1643 939 1809 1024 generales

472 1050 724 1131 constituuntur,
749 1050 975 1115 undenorum
1000 1053 1226 1131 argumentum
1249 1047 1376 1114 aceedit
1390 1052 1521 1114 nostrae
1543 1047 1584 1113 de
1604 1048 1730 1114 inverso
1754 1047 1810 1113 de·

472 1157 655 1240 scriptionis
689 1155 868 1222 Africanae
901 1155 1013 1222 ordine
1045 1155 1235 1224 sententiae.
1282 1176 1358 1220 nam
1391 1159 1421 1235 5,
1438 1159 1482 1225 40
1512 1154 1631 1239 Polybi
1663 1159 1696 1220 et
1729 1153 1807 1220 1111-

471 1262 628 1328 tosthenis
650 1284 802 1329 mensura
829 1270 961 1348 peracta
991 1283 1050 1328 ora
1082 1261 1326 1346 septentrionali
1356 1265 1475 1331 exstat.
1521 1283 1594 1327 oum
1617 1282 1693 1328 vero
1717 1266 1747 1341 5,
1763 1265 1807 1330 47

471 1389 658 1435 mensuram
680 1367 951 1436 Eratostheneam
974 1389 1039 1432 non
1063 1389 1103 1433 ex
1127 1365 1254 1432 Isidoro
1281 1367 1418 1451 petitam
1441 1379 1518 1433 ‘esse
1549 1389 1649 1453 supra
1678 1367 1809 1434 demon·

472 1475 682 1541 straverimus
691 1474 725 1557 ¹),
751 1496 820 1540 eam
837 1496 910 1540 cum
926 1474 1083 1558 periegesi
1107 1473 1301 1554 coniungere
1324 1494 1388 1538 non
1403 1467 1529 1539 dubito.¹
1573 1473 1697 1539 accedit
1720 1473 1809 1556 quod

473 1581 710 1647 Eratosthenes
733 1587 848 1648 auctor
870 1579 912 1646 ad
936 1579 1173 1648 Varronianam
1197 1578 1350 1661 originem
1378 1581 1504 1664 egregie
1528 1580 1677 1663 quadrat.
1724 1600 1810 1663 quae

471 1689 611 1753 sirecte
634 1689 909 1774 disputatasunt,
934 1686 1021 1770 apud
1047 1686 1229 1753 Varronem
1253 1686 1355 1750 Asiae
1386 1708 1476 1752 oram
1506 1688 1666 1753 internam
1697 1687 1807 1752 eodem

471 1793 585 1859 ordine
607 1796 842 1877 pertractatam
866 1813 935 1858 esse
957 1791 1126 1876 probabile
1149 1797 1207 1871 est,
1233 1813 1327 1874 quem
1342 1790 1468 1857 Plinius
1491 1793 1647 1877 sequitur.
1679 1814 1719 1859 ac
1735 1814 1808 1877 pro·

470 1900 555 1966 fecto
570 1902 604 1966 in
620 1901 775 1985 periegesi
789 1902 860 1985 ipsa
877 1899 1031 1964 indicium
1048 1918 1112 1962 non
1127 1898 1241 1973 inveni,
1260 1918 1324 1982 quo
1340 1899 1413 1982 quis
1430 1900 1624 1965 contrarium
1645 1898 1807 1982 probaret.

579 2008 652 2072 dein
674 2013 748 2091 post
771 2007 1029 2071 additamentum
1048 2005 1228 2073 Isidoreum
1251 2007 1424 2070 uniuersam
1441 2055 1448 2071 .
1467 2057 1475 2074 .
1493 2057 1500 2074 .
1517 1995 1562 2095 {Z}
1580 1995 1809 2069 'X’JHDCCL

472 2133 556 2197 quae
577 2113 747 2196 leguntur:
776 2114 878 2175 maria
905 2114 966 2176 eius
997 2113 1152 2197 complura
1187 2111 1224 2173 ab
1259 2112 1362 2174 accolis
1395 2123 1511 2175 trusere
1544 2114 1678 2183 aomina,
1715 2133 1808 2196 quare

470 2218 563 2281 simul
582 2218 802 2302 indicabantur,
826 2217 970 2284 Varroni
995 2216 1106 2282 deberi
1129 2217 1279 2301 proclivis
1304 2219 1488 2283 coniectura
1511 2228 1568 2308 est,
1603 2240 1699 2303 quam
1725 2219 1809 2282 Det-

471 2325 612 2390 leisenus
636 2346 764 2409 quoque
788 2323 1022 2408 comprobat2).
1068 2344 1143 2388 nam
1172 2322 1321 2388 Romano
1351 2325 1476 2389 auctori
1508 2346 1546 2388 ea
1579 2326 1690 2390 deberi
1720 2325 1806 2390 idem

471 2432 655 2497 acutissime
684 2430 759 2495 inde
790 2429 956 2512 conclusit,
987 2429 1075 2513 quod
1099 2433 1211 2509 5102
1236 2429 1417 2494 Asiaticum
1446 2450 1535 2494 mare
1559 2429 1601 2495 ad
1624 2430 1807 2496 Romanam

472 2541 669 2625 provinciam
692 2544 829 2622 spectat.
875 2544 983 2602 tamen
1014 2542 1102 2602 errat
1132 2556 1205 2601 oum
1235 2537 1416 2619 periegesin
1447 2557 1520 2601 cum
1551 2536 1609 2602 illa
1631 2537 1807 2621 partitione

471 2645 556 2711 male
579 2648 747 2712 convenire
770 2646 859 2715 dicit.
905 2644 1000 2710 modo
1030 2645 1135 2709 aliena
1165 2651 1363 2725 exsecentur,
1396 2645 1512 2728 planus
1543 2665 1716 2710 consensus
1744 2650 1806 2713 est.

472 2749 528 2816 sed
553 2750 593 2814 de
615 2751 703 2816 hisce
725 2751 812 2817 infra
833 2751 866 2815 in
890 2751 1024 2833 singulis
1046 2751 1144 2814 terris
1167 2749 1326 2832 agendum
1350 2760 1408 2816 est.

579 2858 659 2923 bene
682 2857 798 2925 debinc
828 2858 973 2942 procedit
995 2857 1180 2941 descriptio,
1209 2859 1256 2921 ita
1279 2862 1317 2922 ut
1338 2858 1479 2941 primum
1501 2859 1535 2922 in
1558 2857 1741 2922 universum
1765 2856 1808 2921 de

472 2964 537 3030 situ
560 2968 686 3048 agatur.
733 2965 819 3049 quod
843 2985 916 3029 vero
940 2962 1074 3028 dicitur:
1108 2961 1279 3049 inferiorem
1312 2965 1374 3027 eius
1404 2975 1527 3050 portem
1561 2962 1653 3028 Nilus
1687 2965 1808 3028 deutero

471 3072 613 3155 heroque
644 3073 755 3134 divisus
789 3070 931 3155 amplam
964 3091 1018 3131 suo
1052 3070 1239 3149 determinat,
1274 3067 1422 3155 Canopico
1455 3073 1528 3135 ostio
1555 3071 1593 3134 ab
1616 3071 1739 3157 Africa,
1768 3072 1807 3133 ab

473 3178 549 3239 Asia
572 3176 731 3240 Pelusiaco
758 3198 836 3259 sqs,
861 3176 1033 3258 Aegyptus
1063 3176 1211 3258 quamvis
1241 3174 1284 3239 ab
1313 3175 1428 3241 Africa
1458 3176 1578 3243 diserte
1609 3183 1806 3261 segregetur,

471 3282 504 3347 id
529 3281 617 3366 quod
637 3284 776 3347 maxime
798 3289 912 3347 contra
928 3281 1129 3365 Agrippeam
1154 3281 1311 3363 originem
1334 3281 1421 3362 facit,
1446 3288 1555 3347 tamen
1573 3281 1807 3366 quodammodo

471 3388 514 3453 ab
543 3386 628 3453 Asia
655 3410 783 3473 quoque
818 3389 1024 3471 disiungitur,
1059 3387 1109 3451 ita
1142 3393 1180 3452 ut
1214 3389 1307 3471 quasi
1341 3388 1481 3453 mediam
1515 3391 1601 3454 inter
1634 3396 1807 3473 utramque

470 3503 597 3580 partem
621 3502 740 3565 teneat.
786 3497 867 3561 baec
893 3493 982 3559 baud
1006 3494 1072 3559 scio
1100 3515 1142 3558 an
1165 3494 1258 3560 nobis
1286 3516 1359 3560 eum
1387 3501 1550 3561 auctorem
1573 3495 1726 3573 indicent,
1751 3496 1808 3581 qui

471 3602 739 3668 Timosthenisde
752 3602 906 3687 Aegypto
918 3605 1037 3685 quarta
1048 3605 1142 3683 parte
1155 3600 1267 3665 mundi
1279 3640 1322 3649 —
1334 3622 1449 3686 nempe
1465 3603 1542 3685 quia
1558 3601 1628 3667 Nili
1644 3600 1808 3687 Canopico

472 3710 556 3774 ostio
579 3708 621 3773 ab
644 3708 770 3789 Africa,
793 3706 965 3772 Pelusiaco
991 3706 1033 3771 ab
1057 3706 1141 3771 Asia
1168 3707 1389 3772 secluderetur
1411 3746 1455 3792 ·.·
1478 3710 1672 3774 sententiam
1695 3731 1807 3795 quam-

472 3836 570 3898 quam
593 3834 657 3878 non
680 3812 832 3897 probavit
847 3833 1003 3896 suamque
1026 3811 1113 3892 fecit,
1142 3818 1286 3877 attamen
1308 3814 1470 3879 mentione
1493 3814 1622 3899 dignam
1637 3815 1806 3881 iudicavit:

471 3920 514 3985 ad
526 3918 708 3987 Varronem
724 3919 779 4004 (of.
793 3917 913 3984 Oomm.
931 3919 1028 3984 Bern.
1042 3918 1122 3983 Luc.
1136 3921 1166 3999 9,
1180 3925 1240 3987 411
1257 3921 1381 4005 quddam
1396 3922 1559 3985 diuiserunt
1571 3921 1671 3985 orbem
1684 3924 1718 3985 io
1733 3924 1809 3985 dacos

467 4038 581 4111 partes,
597 4037 632 4089 ut
651 4026 752 4107 Varro,
768 4026 858 4089 idest
872 4026 981 4088 Asiam
995 4036 1023 4088 et
1037 4025 1205 4110 Europam,
1227 4028 1352 4112 quidam
1367 4028 1400 4089 ia
1416 4029 1470 4091 tris
1485 4028 1593 4091 Asiam
1608 4028 1766 4115 &tropum
1781 4039 1810 4093 et

471 4133 622 4219 Africum,
645 4144 680 4196 ut
692 4134 876 4207 Alexander,
899 4134 1025 4218 quidam
1044 4134 1078 4196 ia
1093 4146 1219 4217 quotuor
1235 4135 1352 4198 adiecto
1367 4135 1511 4220 Aeqypto,
1535 4145 1570 4198 ut
1587 4136 1806 4213 Timosthenes).

580 4241 678 4306 etiam
700 4240 870 4324 sequentia
898 4260 1001 4321 nsque
1024 4239 1067 4304 ad
1098 4238 1193 4304 finem
1218 4243 1248 4318 5,
1266 4243 1310 4308 48
1333 4238 1375 4305 ad
1406 4241 1583 4325 periegesin
1611 4240 1700 4306 baud
1723 4241 1808 4307 male

473 4345 646 4430 quadrant.
699 4368 775 4412 nam
809 4366 935 4411 summa
968 4367 1044 4430 pars
1078 4346 1125 4410 ita
1161 4345 1281 4411 dicitur
1314 4353 1352 4412 ut
1386 4368 1444 4412 ora
1477 4347 1714 4434 respiciatur⁸).
1768 4368 1808 4414 ac

471 4452 589 4516 meritc
610 4451 715 4535 primo
738 4451 809 4516 looo
831 4471 870 4516 aa
893 4450 1034 4516 breviter
1056 4451 1243 4533 absolvitur,
1268 4458 1306 4516 ut
1327 4458 1443 4536 postea
1465 4474 1542 4518 orae
1565 4452 1743 4538 descriptio
1766 4474 1807 4519 ne

471 4558 738 4641 interrumpatur.
784 4580 869 4642 quae
901 4580 977 4624 vero
1000 4557 1075 4624 inde
1100 4580 1120 4624 a
1143 4563 1174 4639 5,
1191 4561 1234 4628 49
1258 4563 1367 4624 exstat
1396 4580 1564 4625 nomorum
1596 4561 1804 4643 enumeratio,

582 4750 604 4822 ¹)
621 4748 658 4804 cl.
677 4768 705 4819 p.
723 4751 766 4806 33.

581 4838 603 4909 ²)
621 4836 742 4891 Hermes
759 4840 792 4893 21
812 4840 906 4908 (1886)
923 4858 951 4909 p.
970 4842 1031 4897 258.

580 4926 601 4996 ¹)
621 4926 667 4980 hic
684 4926 770 4979 semel
786 4942 888 4980 moneo
907 4927 937 4980 in
954 4930 1015 4981 tota
1033 4924 1107 4980 Plini
1130 4916 1322 4995 descriptione
1341 4942 1376 4980 ne
1394 4943 1478 4979 unum
1497 4927 1609 4996 quidem
1627 4928 1718 4985 locum
1737 4946 1806 4999 esse,

471 5032 527 5086 qno
544 5015 626 5086 infra
643 5020 672 5068 et
689 5031 776 5084 supra
798 5014 881 5067 aliter
904 5016 994 5085 accipi
1012 5015 1103 5083 liceat,
1128 5014 1183 5068 nisi
1200 5015 1241 5067 ite
1258 5018 1289 5067 ut
1311 5030 1361 5068 ore
1386 5018 1533 5085 spectetur.
1570 5034 1637 5073 cave
1655 5016 1749 5089 'igitur
1770 5006 1809 5072 de'

472 5103 630 5159 tabularum
648 5104 786 5173 pictarum
805 5120 856 5155 usu
874 5104 940 5159 binc
958 5105 1103 5173 quicquam
1123 5104 1248 5172 colligas.
1637 5124 1639 5129 ·
