4275 6025
1004 743 1068 808 189

366 956 486 1022 summi
519 959 569 1022 ost
602 954 756 1020 momenti
788 954 906 1038 respici
938 953 1080 1037 priorem
1112 952 1219 1019 locum
1253 954 1284 1034 6,
1299 957 1354 1036 44,
1388 951 1475 1018 unde
1509 952 1651 1037 spatium
1685 972 1706 1018 1

367 1061 497 1147 Caspiis
526 1061 631 1146 portis
658 1059 916 1145 Hecatompylon
945 1058 1144 1125 Parthorum
1173 1059 1341 1144 repetitur.
1388 1057 1507 1142 quibus
1539 1059 1571 1123 in
1599 1057 1706 1124 verbis

366 1169 439 1253 ipsa
467 1188 597 1252 qnoque
626 1165 824 1232 Parthorum
856 1166 945 1232 notio
975 1164 1021 1231 ad
1051 1168 1083 1249 6,
1095 1171 1138 1234 41
1169 1169 1357 1250 comparata
1385 1171 1444 1230 est
1492 1165 1600 1251 ipsum
1630 1185 1706 1231 voro

368 1273 509 1358 spatium
540 1276 644 1358 (1044
666 1272 767 1360 stad.)
800 1273 844 1339 ab
877 1272 1095 1339 Eratosthene
1128 1271 1270 1338 alienum
1304 1277 1365 1351 est,
1404 1271 1458 1356 qui
1492 1271 1578 1337 idem
1618 1274 1706 1342 1960

367 1379 483 1446 stadiis
512 1379 711 1465 computavit
742 1377 1234 1449 100111116111101011514.
1286 1399 1346 1444 100
1375 1385 1485 1444 tamen
1515 1375 1556 1443 de
1581 1378 1707 1444 numeri

367 1486 552 1571 corruptela
572 1485 650 1552 licet
672 1485 824 1571 cogitare.
871 1508 947 1553 nam
971 1486 1080 1553 Amm.
1103 1488 1156 1566 23,
1170 1488 1202 1566 6,
1215 1487 1258 1554 43
1284 1487 1371 1555 1040
1393 1483 1499 1550 stadia
1529 1489 1705 1568 computat.

367 1592 508 1677 deniqne
529 1591 573 1658 ab
595 1592 667 1677 ipsa
687 1593 844 1677 periegesi
867 1592 1001 1659 dissidet
1023 1592 1082 1658 illa
1096 1591 1339 1660 dimensuratio.
1379 1613 1454 1658 nam
1468 1590 1636 1655 Pcccolctie
1655 1597 1706 1658 est

370 1697 523 1764 Indorum
545 1696 700 1783 oppidum
724 1701 810 1784 qnod
833 1701 868 1766 in
890 1700 1046 1785 periegesi
1069 1702 1100 1780 6,
1115 1701 1158 1770 94
1181 1698 1318 1765 Peucolis
1340 1697 1396 1784 (cl.
1413 1701 1444 1778 6,
1458 1701 1501 1769 78
1523 1697 1705 1785 Peucolitae)

367 1804 496 1875 dicitnr.
543 1806 663 1890 quihus
693 1805 842 1872 omnibus
872 1806 1044 1891 diligenter
1076 1805 1231 1872 volutatis
1256 1806 1297 1872 ad
1320 1805 1505 1872 Mucianum
1528 1807 1558 1886 6,
1573 1805 1705 1874 61-63

367 1909 490 1976 referre
524 1931 590 1978 non
627 1916 678 1977 est
714 1911 802 1997 quod
839 1916 1038 1979 cunctemur.
1100 1919 1200 1996 atque
1238 1912 1337 1978 ctiam
1374 1908 1539 1977 Oancasus
1576 1910 1706 1975 notione

367 2017 539 2083 Mucianea
561 2017 725 2081 invenitur
748 2017 780 2096 6,
793 2019 846 2087 62.

480 2123 546 2187 iam
575 2121 650 2187 ride
680 2121 794 2187 alienis
824 2123 957 2208 resectis
987 2122 1066 2207 quid
1096 2123 1211 2189 restet!
1257 2128 1333 2208 post
1363 2143 1537 2204 mensuras,
1567 2141 1650 2206 quae
1671 2120 1707 2185 in

368 2228 476 2312 capite
499 2227 723 2312 descriptionis
747 2249 841 2294 snum
863 2228 970 2295 locum
993 2235 1113 2312 101011,
1138 2229 1298 2321 generalis
1321 2229 1482 2314 quaedam
1504 2228 1625 2312 legitur
1653 2226 1707 2293 de·

367 2334 512 2418 scriptio,
545 2355 611 2418 qua
644 2333 678 2397 in
708 2334 893 2400 universum
923 2334 964 2401 de
993 2336 1146 2420 gentibus
1176 2335 1384 2420 urbibusque,
1416 2335 1456 2401 de
1483 2334 1641 2415 amnibus,
1665 2333 1706 2398 de

369 2439 534 2505 montibus
550 2439 672 2523 agitur:
697 2442 727 2522 6,
740 2443 882 2511 56-60.
921 2441 1022 2527 quid?
1060 2464 1133 2508 cum
1147 2443 1346 2528 periegsseos
1360 2462 1449 2508 more
1464 2461 1570 2507 nonne
1585 2441 1706 2525 optime

370 2546 449 2611 haec
471 2545 711 2632 congruunti¹)
734 2546 817 2612 adde
840 2547 928 2633 quod
950 2549 1103 2614 continuo
1135 2547 1247 2615 ordine
1278 2569 1352 2615 cum
1378 2548 1492 2614 cadem
1517 2547 1707 2613 coniunctae

368 2657 446 2718 sunt
469 2656 499 2734 6,
514 2655 610 2737 56sq.

482 2760 630 2844 pergitur
663 2761 693 2840 6,
708 2762 752 2830 64
782 2772 881 2846 pentec
913 2785 991 2848 quos
1024 2782 1188 2827 macerare
1219 2786 1280 2828 aon
1307 2765 1420 2850 pigeat.
1470 2761 1551 2828 haec
1577 2763 1706 2847 egregie

368 2863 536 2949 quadrant
558 2865 601 2931 ad
624 2886 698 2931 eum
721 2868 779 2952 qui
801 2874 914 2953 gentes
936 2870 1122 2935 innumeras
1145 2869 1260 2936 Indiae
1282 2890 1354 2936 esse
1376 2870 1551 2954 scripserat
1578 2869 1623 2955 (6,
1638 2871 1705 2951 56).

370 2974 413 3040 ad
423 2973 604 3059 periegesin
617 2972 784 3039 exordium
795 2994 925 3059 quoque
937 2974 1084 3059 specialis
1097 2975 1320 3062 descriptionis
1331 2976 1492 3042 convenit:
1509 2995 1530 3041 1
1544 2973 1706 3041 montibus

370 3081 456 3146 enim
471 3079 629 3146 Hemodis
653 3080 683 3146 ei
705 3078 835 3143 initium
857 3078 1048 3163 capiendum
1070 3087 1121 3147 est
1136 3082 1192 3166 qui
1207 3104 1227 3147 a
1242 3080 1395 3167 Scythico
1409 3102 1529 3147 oceano
1543 3081 1586 3147 ad
1602 3080 1706 3147 Eoum

369 3185 514 3253 deflexus
530 3185 660 3252 Indiam
682 3185 826 3268 attingit.
872 3206 937 3250 nna
959 3185 1061 3270 igitur
1083 3193 1182 3272 atque
1206 3195 1357 3255 constans
1380 3188 1537 3274 expositio
1561 3194 1619 3265 est,
1637 3170 1706 3273 ’(111

371 3294 403 3371 6,
416 3294 547 3363 56-79
570 3291 670 3359 India
696 3289 875 3356 absolvitur
901 3295 1058 3377 exemptis
1085 3315 1200 3379 nempe
1227 3296 1273 3361 eis
1297 3316 1382 3380 quae
1404 3294 1534 3361 aliunde
1556 3316 1576 3361 a
1598 3293 1706 3361 Plinio

371 3397 482 3465 adlata
514 3419 584 3464 esse
610 3397 910 3463 demonstravimus.
955 3403 1025 3464 tum
1048 3402 1079 3481 6,
1093 3400 1135 3469 69
1159 3398 1271 3466 eadem
1295 3401 1414 3468 eisdem
1437 3400 1506 3467 fere
1528 3401 1632 3467 verbis
1654 3422 1707 3466 re·

369 3511 535 3591 petuntur,
569 3523 652 3588 quae
682 3503 775 3569 iuxta
798 3502 1004 3572 Varronians
1030 3509 1141 3585 2,184
1171 3514 1373 3589 enarrantur,
1405 3509 1469 3574 nisi
1500 3509 1586 3593 quod
1614 3512 1646 3588 6,
1662 3511 1706 3580 69

371 3614 460 3697 apud
482 3611 661 3678 Monaedes
684 3616 718 3676 01
741 3608 862 3677 Suaros
876 3632 967 3677 mons
982 3612 1110 3679 Maleus
1126 3613 1253 3692 dicitur,
1271 3616 1380 3694 1184
1396 3615 1430 3681 11
1445 3622 1541 3700 gente
1556 3614 1705 3685 Oretum.

369 3741 442 3785 cum
480 3739 556 3784 vero
595 3718 668 3801 ipsa
705 3716 806 3784 verba
839 3718 1050 3798 consentiant,
1087 3724 1145 3785 aut
1179 3720 1234 3785 hic
1269 3725 1325 3784 aut
1358 3719 1426 3785 11110
1459 3725 1601 3785 erratum
1636 3738 1706 3783 esso

370 3824 543 3891 verisimile
576 3829 635 3894 est.
693 3820 793 3908 quid?
849 3824 877 3889 si
911 3823 1098 3889 Mercedem
1130 3824 1339 3891 librariorum
1374 3826 1469 3911 culpa
1504 3826 1538 3891 in
1584 3822 1707 3888 Oretum

370 3930 475 3998 abiit?
525 3936 598 3998 tota
634 3935 743 3996 antem
774 3929 988 4014 descriptione
1018 3938 1056 3996 11
1091 3952 1207 4016 graeca
1237 3930 1385 3997 doctrina
1414 3932 1535 3997 referta
1564 3937 1623 4010 est,
1657 3930 1706 3995 ita

370 4037 479 4122 graeci
509 4036 609 4103 fontis
641 4036 767 4102 nullum
797 4035 959 4104 indicium.
1014 4036 1154 4122 denique
1182 4058 1256 4103 cnm
1277 4036 1366 4103 Mela
1398 4040 1428 4117 3,
1442 4042 1496 4108 61.
1527 4039 1625 4121 66sq.
1656 4043 1705 4101 est

370 4150 444 4209 arta
466 4140 608 4209 affinitas
630 4142 669 4209 cl.
691 4141 889 4223 Plin.6,66.
907 4145 1119 4229 10111111.
1143 4143 1368 4212 Varronianus
1390 4143 1492 4227 igitur
1505 4142 1705 4228 periegeseos

369 4248 508 4332 vestigia
529 4246 583 4314 hic
605 4268 734 4332 qnoque
756 4255 922 4334 apparent.
968 4271 1067 4333 qnam
1089 4250 1143 4316 hic
1164 4250 1232 4315 fere
1257 4251 1413 4315 intactam
1435 4270 1494 4315 nos
1512 4254 1622 4315 tenere
1647 4255 1707 4315 aut

370 4355 485 4421 alienis
515 4390 559 4403 -
589 4360 720 4439 praeter
751 4374 790 4420 ea
821 4375 905 4439 qnae
930 4357 1051 4422 removi
1074 4395 1119 4405 -
1142 4377 1206 4422 non
1228 4356 1382 4421 admixtis
1404 4354 1479 4421 inde
1501 4356 1705 4440 potissimum

370 4461 592 4540 concluserim,
617 4460 705 4544 quod
728 4460 817 4527 nullo
839 4462 909 4528 loco
932 4461 1083 4528 turbatus
1106 4462 1185 4529 ordo
1209 4463 1400 4546 lacerusque
1423 4483 1527 4528 sermo
1543 4461 1706 4528 invenitur

371 4588 571 4653 quamquam
603 4568 637 4633 in
664 4568 784 4652 ignotis
815 4567 998 4652 regionibus
1029 4589 1103 4634 cnm
1126 4590 1298 4649 versemur,
1326 4570 1465 4654 plurima
1487 4568 1619 4635 abunde
1641 4590 1706 4635 non

370 4673 553 4743 firmantur.

481 4787 585 4847 restat
606 4788 644 4846 ut
666 4801 889 4866 comparemus
911 4782 1054 4868 singulas
1077 4803 1246 4849 mensuras
1269 4803 1345 4849 orae
1368 4785 1399 4867 6,
1413 4786 1455 4852 72
1475 4804 1549 4848 cum
1562 4780 1706 4866 generali

372 4891 403 4970 6,
416 4892 459 4958 56
482 4887 659 4972 proposita,
684 4908 769 4971 quae
785 4887 996 4955 Eratostheni
1018 4888 1183 4956 tribuitur.
1230 4896 1331 4974 atque
1354 4890 1406 4957 hic
1429 4891 1497 4975 ipse
1512 4888 1638 4955 Plinius
1654 4886 1705 4953 vel

479 5115 662 5185 qdpffi
