4275 6025
1050 688 1114 752 120

1108 805 1112 812 0

415 921 436 966 a
458 899 564 985 specie
587 898 744 965 veritatis.
791 898 930 983 denique
959 920 1017 965 cur
1038 897 1165 965 Plinius
1187 897 1309 982 duplici
1331 898 1457 965 ratione
1480 896 1552 965 loca
1573 898 1754 985 significas·

415 1012 474 1088 set,
492 1003 686 1073 Partschius
713 1026 753 1072 ne
784 1005 943 1090 quaesivit
970 1004 1110 1089 quidem.
1149 1005 1315 1071 coniunxit
1333 1005 1443 1089 igitur,
1466 1005 1495 1070 si
1517 1026 1568 1072 me
1594 1006 1750 1090 sequeris,

415 1111 544 1178 Plinius
566 1110 621 1176 hic
643 1131 773 1196 quoque
797 1131 869 1176 cum
893 1110 1043 1179 Varrone
1066 1109 1262 1194 Agrippam.

528 1220 708 1301 sequuntur
730 1237 897 1283 mensurae
919 1216 996 1283 hae:
1096 1303 1160 1311 ,-

528 1328 639 1403 3,115
662 1323 810 1387 Ravenna
826 1371 861 1391 ..
885 1323 923 1386 ab
946 1324 1072 1387 Ancona
1097 1320 1192 1407 ΟΨ)
1213 1344 1246 1405 p.

528 1434 560 1512 3,
570 1434 633 1501 127
643 1432 768 1495 Formio
780 1433 877 1495 amara
888 1432 927 1494 ab
939 1430 1086 1495 Rauenna
1104 1420 1270 1494 CLXXX
1279 1428 1385 1492 VIIII
1394 1430 1508 1492 anneus
1522 1440 1625 1495 cratae
1639 1431 1664 1494 I
1663 1432 1756 1495 taline

416 1539 566 1605 mainus
690 1596 693 1603 ⁴

530 1644 564 1711 id
587 1644 696 1729 ipsum
719 1644 806 1729 quod
829 1664 999 1709 mensurae
1021 1641 1084 1708 hoc
1105 1642 1170 1707 fine
1185 1642 1338 1707 desinunt
1352 1661 1412 1708 nec
1426 1642 1515 1707 ultra
1529 1642 1757 1727 producuntur

419 1772 521 1837 usque
544 1751 588 1817 ad
604 1750 749 1829 Arsiam,
774 1769 839 1832 quc
855 1748 1006 1832 Agrippa
1022 1747 1154 1814 Italiam
1176 1746 1290 1830 finivit,
1314 1746 1432 1813 iudicio
1455 1768 1525 1813 esse
1546 1754 1654 1832 potest
1667 1770 1753 1815 men-

418 1878 511 1924 suras
534 1856 577 1923 ab
600 1855 664 1922 hcc
687 1875 757 1921 esse
785 1854 917 1922 alienas.
964 1874 1037 1920 cum
1060 1852 1273 1921 Varronianis
1304 1872 1379 1918 vero
1409 1852 1530 1936 optime
1559 1863 1753 1941 congruunt.

528 1963 596 2028 iam
631 1961 868 2028 circumivimus
897 1958 1031 2025 Italiam
1061 1960 1194 2042 eiusque
1226 1979 1391 2024 mensuras
1421 1980 1441 2024 a
1472 1958 1581 2027 Plinio
1608 1962 1756 2047 prolatas

421 2068 630 2154 contemplati
663 2090 784 2136 sumus.
837 2067 962 2133 nullam
991 2073 1101 2134 autem
1132 2087 1173 2132 ex
1202 2067 1248 2131 eis
1280 2066 1461 2132 necessario
1494 2066 1538 2132 ad
1570 2067 1755 2154 Agrippam

420 2175 624 2244 referendam
647 2195 717 2240 esse
739 2174 954 2259 cognovimus,
987 2173 1061 2259 plus
1087 2195 1187 2240 unam
1209 2172 1251 2239 ab
1274 2194 1312 2238 eo
1335 2170 1594 2240 abiudicandam.
1641 2182 1757 2241 contra

419 2303 485 2349 una
507 2303 547 2348 ex
570 2282 615 2347 eis
638 2279 768 2347 disertis
790 2280 897 2346 verbis
917 2278 1059 2349 Varroni
1075 2280 1278 2362 attribuitur,
1301 2277 1447 2364 reliquae
1470 2301 1542 2346 cum
1565 2279 1679 2347 cadem
1700 2302 1757 2365 op·

421 2390 499 2456 time
522 2388 770 2473 coniunguntur.
809 2387 910 2453 alium
934 2408 1010 2453 vero
1033 2394 1199 2454 auctorem
1221 2387 1339 2472 respici
1361 2408 1426 2453 non
1441 2393 1590 2472 oportere
1606 2387 1639 2452 in
1655 2385 1759 2452 Italia

425 2496 529 2580 quivis
552 2493 749 2582 concedctl).
788 2494 868 2579 quid
891 2495 992 2579 igitur
1014 2495 1212 2562 haesitamus
1235 2515 1308 2560 cum
1328 2492 1546 2561 Oehmicheuo
1569 2516 1678 2562 omnes
1700 2495 1757 2561 uui

422 2600 565 2669 Varroni
587 2598 760 2667 addicere?

530 2713 633 2775 restat
665 2712 702 2773 ut
733 2727 892 2773 summam
920 2711 1141 2791 computemus
1170 2727 1306 2791 eamque
1336 2728 1409 2773 cum
1439 2729 1564 2773 summa
1586 2708 1759 2793 Agrippae

423 2814 562 2900 probata
577 2833 811 2897 comparemus.
836 2833 900 2896 quo
924 2811 1030 2877 officio
1053 2833 1091 2879 co
1111 2813 1218 2878 minus
1237 2812 1349 2879 deesse
1363 2813 1449 2895 licet,
1467 2813 1553 2897 quod
1569 2813 1758 2879 Partschius

421 2918 580 2987 ambitum
601 2919 807 3003 Agrippeum
830 2938 903 2983 cum
927 2918 1063 3003 singulis
1086 2918 1245 2984 mensuris
1260 2918 1381 3004 optime
1396 2920 1566 2986 convenire
1580 2919 1756 2989 contendit.

421 3026 479 3094 sed
502 3049 602 3113 quam
624 3026 748 3092 lubrico
764 3025 974 3092 fundamento
990 3026 1059 3091 eius
1076 3027 1274 3110 computatio
1293 3025 1458 3111 fulciatur,
1482 3026 1525 3093 ab
1540 3026 1759 3092 0ehmichcno

419 3134 601 3200 luculenter
623 3131 880 3198 demonstratum
903 3136 953 3197 est
961 3129 997 3216 8).

532 3238 658 3305 numeri
692 3243 801 3303 autem
834 3258 914 3321 quos
944 3236 1168 3305 Varronianus
1198 3239 1388 3317 censuimus,
1427 3238 1571 3306 efficiunt
1600 3260 1759 3304 summam

423 3348 509 3417 1997
531 3367 574 3411 m.
597 3367 631 3430 p.
652 3366 673 3410 a
696 3343 786 3412 Varo
809 3342 854 3410 ad
883 3344 1100 3412 Formionem.
1143 3350 1257 3411 contra
1279 3344 1431 3431 Agrippa
1454 3345 1573 3412 Italiae
1600 3345 1759 3413 ambitum

422 3472 527 3536 usque
542 3450 585 3517 ad
600 3449 734 3516 Arsiam
749 3450 946 3535 computavit
962 3453 1048 3520 2049
1065 3472 1107 3517 m.
1122 3472 1153 3535 p.
1162 3450 1188 3535 ⁴)
1211 3451 1394 3517 addendum
1410 3458 1459 3518 est
1473 3453 1575 3537 igitur
1590 3453 1759 3518 minimum

421 3558 463 3624 ad
494 3557 637 3642 priorem
659 3576 828 3637 summam,
859 3562 898 3622 ut
920 3578 993 3622 cum
1015 3557 1186 3642 Agrippca
1206 3558 1310 3642 possit
1332 3559 1523 3643 comparari,
1561 3557 1595 3625 id
1618 3558 1760 3643 spatium

422 3685 487 3749 quc
510 3661 595 3732 Pola
618 3661 718 3729 distat
740 3661 963 3729 aFormione:
989 3665 1120 3733 loe-6
1136 3685 1178 3731 m.
1195 3686 1227 3748 p.
1251 3664 1271 3730 i.
1295 3664 1337 3733 99
1358 3685 1400 3731 m.
1418 3685 1460 3748 p.‚
1485 3664 1563 3730 item
1578 3685 1643 3749 quo
1658 3663 1762 3729 Arsia

423 3770 557 3839 aPola.
603 3769 667 3836 hoc
690 3767 817 3835 Plinius
848 3769 978 3836 omnino
1000 3791 1064 3835 non
1086 3770 1233 3853 tradidit,
1268 3770 1316 3836 ita
1345 3775 1382 3837 ut
1413 3771 1466 3838 vel
1495 3771 1570 3837 inde
1601 3774 1762 3855 appareat

423 3899 497 3944 eum
519 3897 686 3944 mensuras
709 3897 775 3943 non
798 3898 838 3942 ex
861 3877 1011 3961 Agrippa
1032 3876 1176 3961 petiisse,
1208 3876 1266 3943 sed
1293 3877 1362 3943 cius
1385 3878 1632 3945 commentarios
1655 3876 1761 3943 obiter

423 3984 529 4052 solum
551 4004 763 4069 comparasse.
802 4004 987 4051 mensuram
1010 3987 1121 4049 autem
1143 3983 1185 4049 ab
1201 3985 1304 4052 Arsia
1318 3983 1434 4052 Polam
1453 3985 1538 4052 inira
1552 3983 1762 4052 coniectando

422 4091 567 4157 invenire
582 4090 780 4156 conabimur.
813 4089 869 4156 sed
884 4090 986 4157 nihilo
1001 4091 1105 4156 secius
1120 4090 1206 4156 clare
1221 4091 1416 4176 perspicitur
1431 4093 1587 4159 Varronis
1602 4113 1762 4158 summam

424 4199 471 4264 sic
494 4216 624 4282 quoque
647 4197 802 4263 maiorem
825 4195 971 4262 futuram
987 4216 1056 4262 esse
1072 4217 1171 4280 quam
1187 4196 1366 4282 Agrippae.
1401 4199 1558 4265 minorem
1573 4220 1649 4265 vero
1664 4198 1762 4264 huius

426 4323 496 4369 esse
518 4324 703 4370 mensuram
727 4324 765 4370 eo
787 4303 894 4369 minus
915 4304 1032 4369 mirum
1056 4310 1105 4371 est
1126 4304 1212 4389 quod
1228 4304 1357 4371 videtur
1374 4306 1514 4372 minores
1529 4326 1681 4372 numeros
1696 4305 1763 4371 ele-

534 4530 553 4595 1)
572 4531 625 4586 112
643 4547 679 4584 m.
698 4547 726 4600 p.
745 4547 799 4587 sec.
818 4529 885 4588 Tab.
904 4530 984 4588 Peut

532 4617 554 4688 l)
573 4634 639 4673 nam
657 4617 751 4689 Nepos
770 4636 833 4674 cum
851 4620 964 4675 asseclis
982 4620 1047 4689 suis,
1071 4620 1118 4689 qni
1144 4620 1173 4674 iu
1192 4620 1285 4676 Gallia
1302 4619 1444 4690 cisalpina
1471 4619 1613 4676 adhibitus
1631 4623 1681 4686 est,
1710 4620 1765 4676 hac

424 4707 486 4776 ipsa
502 4723 533 4762 re
553 4708 717 4768 excluditur.
752 4708 862 4764 diversa
880 4709 954 4763 enim
972 4709 1082 4765 indoles
1099 4709 1175 4764 illius
1193 4707 1387 4779 descriptionis
1405 4724 1422 4761 a
1440 4709 1553 4778 reliqua

532 4795 554 4866 ³)
573 4794 649 4853 Plia.
668 4795 749 4852 Slad.
769 4796 838 4853 1880
856 4813 883 4866 p.
903 4797 946 4854 27.

533 4885 557 4955 ⁴)
576 4884 611 4940 de
629 4883 683 4938 hoc
702 4901 817 4939 numero
836 4884 958 4939 dubitari
976 4884 1036 4940 iere
1053 4901 1110 4939 non
1127 4883 1170 4939 ias
1188 4888 1237 4940 cst
1274 4888 1383 4939 namet
1401 4884 1556 4940 llutisuus
1574 4885 1628 4942 640
1646 4885 1764 4942 cundem

415 4972 540 5043 praebet
567 4976 597 5028 et
623 4971 710 5028 solini
737 4974 764 5043 2,
773 4973 808 5029 23
826 4972 936 5028 codices
954 4974 1046 5028 lenem
1063 4976 1172 5030 tautum
1191 4971 1313 5029 eiusdem
1331 4973 1527 5043 corruptelam,
1546 4990 1628 5044 quam
1646 4973 1765 5028 llomm·

425 5078 505 5117 senus
525 5062 652 5118 removit
