4275 6025
1042 704 1105 766 155

408 910 498 976 utilis
520 931 590 977 esse
618 911 731 993 possit.
777 932 814 976 eo
846 912 931 976 enim
961 910 1184 977 additamenta
1214 911 1412 977 inducuntur
1421 911 1459 996 1).
1505 918 1584 977 tunc
1614 917 1739 976 antece·

408 1015 520 1082 dantia
541 1017 584 1083 ad
607 1016 736 1083 tabulas
758 1015 929 1082 referenda
951 1022 1036 1083 sunt.

518 1122 701 1209 Lycaoniae
722 1127 832 1189 antem
854 1106 1081 1207 descriptionis
1104 1144 1178 1206 pars
1201 1123 1314 1203 altera,
1346 1145 1429 1207 quae
1459 1145 1480 1190 a
1505 1124 1613 1191 verbis
1646 1125 1740 1210 ipsias

408 1228 581 1315 [paeoniae
601 1232 725 1316 incipit,
749 1253 770 1297 a
791 1232 948 1316 periegesi
971 1230 1170 1298 secludenda
1184 1239 1246 1312 est,
1269 1233 1425 1316 adquam
1448 1237 1478 1315 5,
1493 1236 1535 1304 96
1552 1233 1740 1319 Pamphylia

409 1344 467 1406 etc.
500 1341 635 1423 reditur,
666 1339 707 1406 cl.
732 1346 763 1418 5,
774 1345 818 1409 94
841 1337 961 1404 Ciliciae
988 1340 1206 1425 Pamphyliam
1235 1361 1334 1403 ornnes
1364 1341 1495 1408 inarare.
1541 1340 1625 1406 adde
1654 1340 1740 1422 quod

410 1445 587 1530 Arycanda
608 1446 764 1531 oppidum
787 1445 896 1530 Milyis
919 1451 950 1529 5,
964 1450 1006 1517 95
1029 1445 1235 1528 adscribitur,
1267 1453 1380 1513 contra
1407 1445 1523 1512 fluvius
1546 1446 1740 1531 Arycandus

409 1557 442 1615 et
471 1553 622 1636 oppidum
654 1553 797 1638 Limyra,
830 1555 924 1618 iuxta
955 1553 1043 1637 quod
1074 1553 1283 1639 Arycandam
1313 1554 1409 1618 sitam
1439 1573 1508 1617 esse
1538 1552 1704 1618 Hierocles
1713 1551 1741 1638 ’1)

408 1663 556 1740 testatur,
581 1664 692 1742 5,100
714 1660 756 1725 ad
778 1658 914 1744 Lyciam
936 1660 1085 1727 refertur.

518 1769 570 1832 cui
593 1787 669 1832 vero
692 1766 866 1832 tribuenda
888 1767 953 1832 sint
974 1767 1042 1849 illa,
1067 1766 1270 1850 quaesiveris.
1318 1765 1404 1850 quod
1428 1770 1518 1830 certa
1536 1766 1661 1831 ratione
1677 1786 1741 1849 quo

408 1871 624 1940 demonstrem
661 1894 726 1938 non
764 1871 877 1938 habeo.
932 1874 1043 1957 itaque
1080 1895 1101 1938 a
1133 1873 1337 1939 coniecturae
1374 1872 1517 1957 periculo
1556 1871 1740 1955 pendemus.

407 1978 514 2044 aliena
543 1986 652 2044 autem
676 1985 753 2045 sunt
774 2001 795 2044 a
817 1980 974 2064 periegesi
997 1985 1129 2064 propter
1152 1978 1363 2063 Arycandam
1386 2000 1446 2044 nec
1468 1980 1573 2045 minus
1596 1976 1630 2043 id
1654 1977 1741 2063 quod

407 2108 467 2170 per
498 2108 534 2151 se
564 2093 655 2171 patet
678 2087 843 2153 stabulis
866 2088 1019 2153 censoriis
1041 2095 1175 2172 propter
1197 2086 1380 2152 Thebasam
1403 2088 1442 2153 cl.
1466 2089 1587 2164 5147.
1631 2091 1742 2149 tamen

408 2191 546 2257 latinum
580 2200 744 2258 auctorem
782 2193 913 2259 subesse
958 2195 1208 2260 existimaverim
1246 2200 1380 2278 propter
1424 2195 1559 2259 vitatam
1604 2191 1742 2257 formam

408 2297 587 2363 breviorem
610 2322 645 2362 ac
667 2306 743 2364 ante
766 2298 1010 2386 gutturalem8),
1034 2321 1133 2384 quarn
1148 2299 1291 2365 Plinium
1307 2301 1413 2384 ipsum
1428 2321 1492 2365 non
1508 2298 1629 2382 fugisse
1644 2296 1740 2363 Thes.

408 2403 484 2486 ling.
506 2405 563 2469 lat.
587 2403 626 2469 Il
651 2408 746 2485 1048,
765 2409 806 2474 75
831 2405 948 2484 monui,
981 2410 1014 2470 et
1041 2411 1176 2489 propter
1199 2425 1307 2470 vocem
1329 2405 1499 2490 confinium,
1532 2425 1615 2488 quae
1638 2405 1671 2468 in
1695 2405 1742 2468 eis

408 2509 609 2592 potissimum
633 2510 781 2594 partibus
802 2509 932 2593 legitur,
958 2533 1038 2595 quas
1053 2510 1206 2576 Muciano
1229 2510 1404 2576 tribuenda
1427 2531 1497 2576 csse
1519 2510 1586 2574 fere
1606 2515 1742 2575 canstat.

407 2613 464 2680 sed
496 2615 637 2680 invalida
659 2616 740 2682 haec
762 2625 953 2702 argumenta
975 2639 1035 2684 nec
1056 2617 1182 2699 idonea,
1217 2619 1334 2702 quibus
1357 2618 1447 2702 origo
1471 2618 1641 2683 Mucianea
1663 2617 1742 2682 satis

408 2723 642 2807 comprobetur.
682 2725 890 2808 quamobrem
911 2724 1050 2790 liberum
1065 2726 1238 2809 unicuique
1253 2725 1407 2790 iudicium
1423 2724 1643 2806 relinquimus.
1685 2722 1742 2788 ssd

409 2831 440 2906 5,
454 2829 497 2897 96
527 2829 704 2913 periegesin
734 2829 818 2894 adiri
849 2835 972 2896 certum
1003 2836 1061 2899 est.
1116 2851 1191 2894 nam
1225 2851 1262 2894 so
1294 2830 1435 2914 pertinet
1466 2831 1625 2894 sententia
1658 2852 1743 2894 marc

407 2933 625 3019 Pamphyliam
650 2931 783 3019 0015104)
815 2937 949 3020 iaapiair
973 2935 1024 3019 (cl.
1043 2940 1073 3018 5,
1087 2936 1153 3021 47),
1186 2934 1297 3000 eodem
1329 2934 1415 3021 quod
1446 2937 1594 3001 secretim
1625 2936 1744 3021 oppida

408 3062 499 3106 mons
522 3063 633 3107 amnes
656 3049 895 3125 percenseatur.
941 3043 982 3112 cf.
1007 3066 1038 3128 p.
1064 3045 1140 3112 163.

519 3147 593 3212 dein
620 3149 779 3214 transitur
802 3147 846 3214 ad
867 3148 1016 3233 Lyciam3
1041 3169 1080 3215 ac
1102 3170 1143 3213 ne
1165 3148 1217 3213 bic
1244 3148 1376 3232 quidem
1398 3169 1419 3214 a
1440 3150 1596 3234 periegesi
1619 3149 1743 3217 Varro-

407 3255 503 3320 niana
516 3254 661 3321 Plinium
685 3254 855 3320 descivisse
877 3255 929 3320 vel
950 3256 1062 3340 primis
1085 3255 1192 3321 verbis
1214 3255 1266 3340 (cl.
1288 3260 1318 3337 5,
1333 3257 1389 3341 47)
1413 3258 1629 3339 cognoscitur:
1655 3261 1685 3336 5,
1700 3260 1742 3327 97

406 3363 540 3425 iunctam
562 3383 646 3423 marc
667 3359 799 3445 Lya'um
821 3371 863 3424 eat
882 3383 1010 3446 peraque
1032 3359 1138 3445 Lycia.
1184 3360 1285 3426 'lauri
1308 3367 1416 3426 autem
1440 3360 1686 3445 descriptionem
1701 3362 1743 3428 ad

408 3470 544 3534 eandem
575 3469 738 3553 pertinere
761 3467 867 3533 Melae
889 3489 1046 3534 consensu
1068 3469 1237 3552 probatur,
1268 3467 1309 3533 cf.
1336 3474 1365 3546 1,
1378 3472 1415 3536 81
1428 3490 1476 3552 sq.
1524 3467 1596 3533 dein
1623 3466 1744 3552 Lyciae

408 3575 582 3658 descriptio
606 3574 708 3639 currit
730 3594 834 3658 usque
857 3573 900 3638 ad
922 3573 1022 3639 verba
1044 3578 1156 3655 5,101
1182 3586 1209 3637 ct
1231 3595 1307 3659 quac
1329 3573 1458 3660 lyciam
1478 3574 1546 3656 finit
1571 3574 1741 3639 Telaasaaa.

407 3683 441 3746 in
472 3701 536 3764 qua
572 3680 657 3744 iusto
689 3680 796 3745 omnia
828 3679 939 3744 ordine
973 3680 1154 3763 procedunt
1192 3699 1251 3744 nec
1286 3680 1429 3744 cernitur
1463 3681 1742 3746 contaminationis

406 3785 572 3851 indicium.
612 3784 669 3850 sed
691 3792 766 3870 post
788 3785 846 3850 illa
868 3786 967 3851 verba
981 3808 1066 3871 qnae
1081 3786 1250 3869 exscripsi,
1275 3785 1434 3868 quaedam
1451 3786 1641 3869 interposita
1657 3793 1741 3857 sunt.

407 3894 499 3958 initio
529 3898 638 3957 autem
668 3891 688 3980 ᾗ
713 3895 775 3961 102
807 3892 852 3957 ad
873 3894 1054 3977 periegesin
1076 3893 1230 3958 redimus:
1256 3914 1274 3953 a
1304 3891 1445 3955 Talmcasa
1468 3891 1637 3954 Asiaticam
1660 3916 1743 3957 mare

407 4002 466 4063 ciac
492 3998 693 4084 Carpathium
722 4009 750 4062 et
778 4023 857 4085 quac
883 4003 1009 4087 proprie
1039 4013 1158 4064 uocatae
1181 4002 1267 4063 Asia.
1321 4000 1402 4065 haec
1431 3999 1565 4064 latinam
1588 4002 1742 4084 originem

407 4127 485 4191 prae
508 4126 543 4170 se
565 4104 685 4189 ferunt,
709 4104 792 4171 sicut
814 4108 879 4172 iam
896 4107 1137 4191 Detlefsenusl)
1160 4107 1294 4173 notavit.
1341 4111 1450 4171 tamen
1466 4112 1553 4172 errat
1569 4106 1658 4190 quad
1672 4109 1742 4174 eius

406 4211 712 4296 circumscriptionis
744 4212 777 4277 in
803 4214 961 4297 periegesi
983 4216 1141 4280 rationem
1163 4214 1277 4280 haberi
1298 4219 1412 4297 negat:
1435 4213 1476 4279 cf.
1501 4216 1611 4295 5142
1633 4214 1742 4277 Asiam

516 4462 541 4528 ¹)
559 4458 593 4512 cl.
613 4456 821 4525 Oehmichenus,
842 4459 915 4515 Plia
936 4459 1015 4514 seua.
1037 4458 1109 4514 1880
1127 4476 1153 4526 p.
1175 4460 1215 4513 ll.

516 4550 538 4615 ‘·')
557 4565 584 4617 p.
604 4547 665 4609 683,
676 4546 701 4600 7.

516 4634 538 4705 ⁸)
556 4634 592 4690 cf.
612 4637 637 4703 5,
647 4636 682 4691 89
701 4632 863 4703 Hierapolis
881 4648 914 4686 ac
932 4630 1038 4686 Beroea
1056 4634 1082 4686 et
1100 4630 1215 4687 Obalce's.

514 4726 536 4790 ⁴)
556 4723 683 4778 Cilicium
704 4738 782 4775 mare
799 4722 828 4775 in
845 4721 932 4790 ipsius
950 4724 1043 4773 terrae
1061 4720 1248 4790 descriptione
1266 4737 1322 4774 non
1341 4721 1443 4789 legitur
1461 4725 1486 4791 5,
1497 4723 1611 4780 91-93.
1648 4727 1742 4779 tamen

407 4813 461 4868 boc
477 4812 671 4881 neglegentiae
689 4810 763 4865 Plini
781 4808 974 4879 imputandum
992 4825 1053 4862 esse
1071 4812 1183 4877 praeter
1200 4811 1226 4877 5,
1237 4810 1271 4865 96
1290 4826 1325 4863 ex
1343 4810 1432 4877 5,129
1451 4810 1579 4880 efficitur,
1593 4810 1640 4865 ubi
1651 4810 1742 4865 Oiliaii

407 4902 490 4957 maris
508 4902 615 4955 insulae
633 4905 839 4970 percenseatur.
876 4899 1005 4969 Agrippa
1022 4902 1115 4953 autem
1127 4897 1239 4954 Aulona
1251 4899 1377 4955 Cilicium
1394 4902 1566 4970 nuncupavit
1583 4918 1645 4955 eam
1656 4899 1741 4954 maris

407 4996 515 5061 partem
534 4993 666 5059 quaeest
682 4989 758 5044 inter
774 4990 894 5059 Cyprum
913 4992 942 5042 et
959 4988 1100 5044 Cilicium:
1120 4986 1243 5045 Dimens.
1262 4990 1289 5044 5⁴

515 5081 537 5150 5)
555 5077 676 5133 Hermes
693 5078 727 5133 21
748 5078 840 5149 (1886)
858 5097 885 5148 p.
905 5078 967 5134 259.
