4275 6025
1073 698 1117 764 68

425 909 459 982 in
474 909 759 984 Dimensuratione
782 911 828 978 nil
852 915 900 978 est
923 909 1011 996 quod
1033 909 1109 978 huic
1127 911 1333 998 paragrapho
1348 909 1553 996 respondeat.
1599 907 1688 994 qnod
1702 929 1762 994 per

425 1039 460 1088 se
483 1019 613 1104 quidem
636 1039 699 1090 non
721 1017 860 1086 multum
882 1017 978 1100 valet,
1003 1016 1060 1084 ssd
1087 1018 1299 1102 suspicionem
1330 1038 1450 1102 augere
1478 1024 1597 1102 potest.
1650 1015 1762 1100 itaque

425 1125 466 1195 de
490 1125 661 1211 Agrippea
684 1125 752 1192 eius
774 1123 971 1211 paragraphi
1000 1125 1124 1209 origine
1151 1123 1302 1190 dubitare
1323 1122 1408 1190 lieet
1452 1130 1629 1208 utcumque
1651 1129 1762 1190 antem

426 1231 487 1300 hoo
517 1250 551 1300 ss
582 1229 689 1310 habat,
720 1251 778 1300 our
809 1229 928 1317 oppido
956 1227 1073 1315 Noega
1095 1228 1249 1316 Agrippa
1277 1230 1458 1315 provincias
1489 1229 1639 1311 finiverit,
1673 1228 1763 1296 Mela

425 1335 517 1406 Salia
540 1335 646 1418 fluuio,
671 1357 735 1404 non
758 1341 902 1423 apparet,
927 1335 955 1404 si
975 1336 1143 1422 Agrippae
1166 1335 1348 1404 doctrinam
1370 1336 1412 1402 ad
1434 1335 1556 1404 Melam
1577 1335 1761 1422 pervenisse

425 1443 608 1513 statuimus
653 1442 737 1510 adde
759 1441 845 1526 apud
870 1441 957 1508 hunc
980 1440 1020 1508 ds
1042 1442 1279 1526 provinciarum
1302 1441 1420 1508 finibus
1442 1462 1507 1509 non
1529 1443 1593 1525 agi.

531 1547 592 1618 hoo
614 1548 715 1634 igitur
738 1553 826 1616 certo
849 1546 1026 1614 diiudicare
1056 1568 1120 1614 non
1152 1548 1264 1627 ausim,
1295 1569 1495 1634 quamquam
1527 1548 1568 1616 de
1590 1548 1762 1633 Agrippas

425 1654 550 1740 origine
573 1654 619 1722 nil
641 1651 815 1740 probatum
839 1673 908 1721 esse
930 1651 1170 1724 affirmaverim.
1216 1654 1272 1720 sed
1289 1661 1449 1738 quantum
1464 1655 1571 1722 Molee
1586 1654 1762 1738 descriptio

426 1781 448 1830 a
469 1761 619 1830 Pliniana
642 1759 780 1842 differat,
805 1760 867 1828 hac
890 1779 1019 1843 quoque
1041 1759 1075 1826 in
1098 1781 1133 1826 re
1156 1760 1309 1827 cernitur.

530 1867 595 1936 iarn
611 1866 736 1952 reliqua
751 1863 933 1936 Schwederi
948 1870 1140 1950 argumenta
1163 1867 1391 1936 examinemus.
1428 1890 1459 1951 p.
1484 1869 1586 1951 indeq.
1606 1871 1763 1949 quattuor

427 1971 500 2042 illos
531 1974 621 2041 siuns
654 1973 773 2058 quibus
803 1995 824 2040 a
850 1972 957 2040 Plinio
989 1973 1143 2058 Europae
1174 1993 1233 2040 ora
1265 1973 1485 2041 meridionalis
1515 1972 1682 2051 dividitur,
1719 1970 1762 2040 ad

429 2079 610 2166 Agrippam
649 2078 770 2148 referre
808 2085 953 2148 conatur.
1010 2079 1116 2146 utitur
1153 2085 1263 2146 autem
1296 2078 1379 2146 Plio.
1419 2081 1451 2158 6,
1464 2081 1529 2151 207
1570 2079 1626 2146 ubi
1663 2079 1761 2144 haec:

428 2185 572 2272 Agrippa
606 2185 660 2250 doc
693 2185 773 2250 islam
805 2184 994 2250 interrasilem
1024 2207 1044 2248 α
1071 2183 1144 2255 frelo
1175 2182 1329 2250 Goddorro
1358 2187 1399 2252 sul
1424 2186 1524 2250 dnum
1553 2185 1678 2250 Issicum
1707 2206 1763 2271 par

428 2291 641 2378 leupitsda'nem
663 2292 804 2356 directam
826 2281 1022 2382 lXXX‘II'Hl
1045 2280 1118 2358 Χῖ
1141 2303 1228 2356 lacot
1250 2344 1258 2362 .
1283 2342 1291 2360 .
1314 2294 1468 2356 univeros
1498 2302 1598 2356 oudam
1623 2292 1763 2354 circuitus

428 2418 484 2482 per
505 2396 586 2461 nuru
608 2397 700 2462 dictos
723 2397 762 2460 od
776 2399 875 2464 sedam
891 2401 1015 2464 suardio
1030 2399 1146 2484 collegit
1167 2400 1210 2462 od
1226 2397 1372 2463 Maeotim
1395 2398 1493 2462 houm
1515 2385 1628 2485 iffa-Vl
1646 2386 1763 2467 VITIT.

429 2525 529 2572 unum
552 2503 656 2572 sinum
680 2524 720 2570 er
743 2505 789 2572 eis
811 2511 982 2590 practerea
1004 2505 1126 2572 diserte
1145 2504 1316 2589 Agrippas
1339 2505 1495 2570 vindicari
1518 2504 1581 2570 sibi
1602 2505 1765 2588 persuasit

429 2632 450 2680 a
472 2611 578 2679 Plinio
601 2612 632 2690 3,
647 2613 712 2682 1ὑο
734 2610 904 2676 univercum
927 2621 1026 2678 onum
1048 2613 1148 2675 einum
1170 2609 1281 2674 Italiac
1306 2621 1333 2675 et
1355 2609 1475 2694 Illyrici
1496 2609 1609 2674 ambitu
1631 2600 1763 2698 lffil'i.

429 2725 465 2786 at
487 2717 573 2786 huuc
595 2717 699 2786 sinum
722 2737 785 2784 non
809 2716 851 2784 ad
882 2719 954 2786 illos
985 2723 1144 2804 quattuor
1172 2719 1335 2802 pertinere
1364 2719 1430 2784 iam
1453 2716 1661 2784 Dstleisenus
1691 2740 1764 2802 cog·

429 2823 566 2908 novit¹),
600 2823 656 2908 qui
686 2821 745 2891 hos
768 2843 789 2890 a
811 2822 960 2894 Varrone
983 2826 1139 2908 repetitos
1162 2845 1231 2890 esse
1253 2826 1427 2909 perspexit
1472 2825 1525 2890 oui
1556 2845 1616 2891 nos
1637 2825 1671 2890 in
1694 2824 1765 2890 uni·

428 2949 555 2998 versum
578 2928 824 3017 adstipulamur.
871 2929 929 2995 sed
958 2929 1050 2996 illum
1075 2929 1194 2996 Italiae
1225 2936 1259 2996 et
1281 2929 1408 3015 Illyrici
1437 2929 1544 2996 sinum
1574 2950 1680 3015 nequa
1710 2951 1764 2996 ex·

429 3036 521 3106 ordio
543 3056 649 3121 neque
671 3036 735 3103 fine
758 3036 800 3105 ad
823 3035 897 3103 illos
919 3037 1081 3121 quadrare
1103 3037 1157 3103 hic
1187 3037 1348 3103 monuisse
1379 3037 1460 3103 satis
1489 3037 1542 3115 sit,
1573 3036 1661 3104 iufra
1690 3058 1766 3121 pro·

427 3142 570 3215 habitur.
630 3144 742 3228 itaque
780 3143 949 3229 Agrippae
987 3143 1203 3229 fragmentum
1241 3143 1327 3209 Pliu.
1362 3146 1394 3223 6,
1409 3144 1475 3213 207
1513 3142 1641 3228 longius
1677 3146 1766 3211 iusto

426 3248 657 3319 Schwederum
687 3250 861 3337 protulisse
890 3250 1054 3335 verbaque
1087 3253 1239 3314 calcerus
1273 3260 1374 3313 aulem
1404 3250 1544 3313 &eune
1568 3271 1637 3335 prr
1664 3251 1765 3314 aiano

425 3357 544 3423 dictos
566 3361 627 3425 eto.
651 3356 694 3423 ad
718 3354 899 3427 Varronem
922 3357 1031 3441 potius
1054 3376 1124 3421 esse
1146 3353 1317 3421 referenda
1337 3362 1483 3439 apparet

535 3460 611 3531 dein
633 3460 721 3547 quod
755 3460 797 3527 de
819 3457 949 3529 Galliae
971 3460 1198 3527 Narbonensis
1219 3459 1307 3545 apud
1328 3459 1413 3527 Plin.
1438 3463 1470 3541 3,
1483 3462 1615 3531 32-36
1638 3465 1672 3527 et
1693 3460 1766 3531 Mel.

427 3574 462 3653 2,
477 3572 574 3656 tuso.
609 3568 825 3653 descriptione
855 3566 1026 3636 Schrader
1061 3589 1094 3653 p.
1125 3572 1225 3650 olsq.
1251 3566 1409 3651 exposuit,
1444 3564 1639 3633 affinitatem
1679 3566 1767 3632 inter

429 3684 608 3763 utrumque
629 3680 742 3745 extors
764 3674 942 3743 oerliusime
964 3674 1068 3741 evicit
1116 3680 1227 3741 tamen
1247 3694 1320 3739 eam
1342 3673 1386 3739 ad
1402 3671 1588 3757 Agrippam
1609 3690 1675 3739 non
1697 3692 1769 3737 esse

432 3783 634 3855 &erendum
657 3802 698 3849 ar
719 3781 766 3849 eis
789 3779 991 3849 concluditur
1020 3799 1105 3863 quae
1137 3799 1239 3863 supra
1264 3777 1306 3844 ds
1334 3776 1454 3843 finibus
1483 3778 1554 3844 eius
1583 3777 1769 3861 provinciae

433 3890 679 3977 disputavimus
714 3907 815 3955 uuum
837 3884 890 3953 hio
904 3905 1018 3953 moneo
1033 3883 1154 3951 lislam
1177 3888 1209 3965 2,
1222 3887 1264 3955 id
1287 3882 1480 3969 oppidorum
1494 3882 1623 3949 ordines
1636 3882 1769 3949 minime

433 3996 607 4081 respioaro:
633 3992 794 4065 Viennam
815 3993 844 4060 si
866 3992 928 4059 hoo
950 3992 1117 4069 statuitur,
1140 3990 1224 4057 salso
1245 3989 1317 4057 looo
1332 3990 1577 4057 commemorari
1591 3986 1768 4057 Schrader

434 4103 504 4187 ipss
525 4100 608 4169 uidit
629 4122 662 4185 p.
686 4102 740 4171 ot.
778 4097 819 4167 de
841 4095 1002 4167 Strabone
1029 4104 1140 4165 auteur
1161 4118 1195 4181 p.
1219 4097 1284 4167 186
1308 4093 1337 4161 O
1363 4102 1398 4162 et
1418 4094 1528 4163 Plinio
1550 4100 1583 4179 3,
1592 4098 1636 4167 36
1656 4097 1693 4163 in
1714 4117 1770 4165 sx-

435 4227 532 4275 oursu
553 4226 698 4289 agsuuua

540 4317 611 4381 turn
634 4309 676 4379 de
698 4312 783 4381 Asia
803 4310 904 4381 varta
925 4309 1005 4379 iecit
1026 4307 1201 4377 Schrader
1221 4332 1255 4395 p.
1278 4311 1376 4395 diso.
1398 4314 1489 4375 recte
1509 4308 1597 4375 onim
1616 4310 1705 4377 inter
1735 4330 1771 4379 ss
1836 4396 1840 4404 Ι

438 4417 637 4505 mmpurarit
664 4416 752 4487 Pliu.
783 4420 922 4503 (tddaq.
950 4416 1003 4499 (ul.
1026 4418 1186 4500 tollae.)
1215 4436 1290 4483 cum
1315 4414 1405 4481 Mela
1434 4420 1468 4498 1,
1479 4417 1511 4487 9.
1540 4420 1669 4488 121&
1693 4419 1771 4489 116.

439 4528 513 4597 iil.
542 4526 640 4599 tut
664 4528 717 4595 dt
763 4526 820 4611 qui
842 4524 906 4591 loci
928 4544 1006 4593 saue
1028 4544 1187 4591 summam
1211 4520 1455 4589 similitudinem
1483 4519 1668 4591 ostendunt
1713 4520 1773 4591 sad

437 4652 503 4701 unu
531 4636 619 4699 recle
644 4627 762 4697 Oresio
788 4630 991 4715 potissimum
1021 4628 1127 4697 utitur
1154 4626 1199 4693 ad
1224 4626 1421 4710 agrippenni
1450 4626 1609 4709 originem
1636 4626 1772 4695 dmon-

438 4734 649 4815 strandam‘).
674 4735 773 4801 immo
796 4734 885 4803 notio
906 4735 978 4819 ipsa
993 4753 1061 4819 qua
1074 4750 1247 4799 musanus
1260 4728 1464 4815 potissimum
1478 4728 1629 4814 efficitur,
1646 4731 1774 4802 Varro·

438 4898 651 4916 *m

549 4986 573 5049 ¹)
590 4982 709 5043 uma
726 4981 759 5039 'li
779 4978 872 5051 (1886)
890 4995 918 5049 p
937 4978 1087 5037 rso—rm

550 5074 573 5147 ²)
590 5072 628 5131 ot
645 5086 716 5143 quae
733 5084 817 5141 supra
834 5066 990 5123 monuimus
1007 5082 1035 5139 p
1054 5066 1090 5121 dd
1107 5062 1172 5121 adn
1190 5064 1219 5121 s
