4275 6025
1023 733 1065 798 63

366 950 468 1017 verba
502 954 611 1016 aulem
640 952 716 1013 sunt
746 945 841 1012 haec:
877 957 1058 1010 terrarum
1087 945 1184 1009 orbis
1214 947 1308 1010 attus
1329 945 1509 1009 diuiditur
1531 944 1716 1009 nominibus.-

366 1056 527 1142 Europc
549 1055 642 1118 Asia
669 1053 802 1141 Africa
834 1054 889 1118 vel
908 1053 1038 1139 Libya.
1086 1053 1277 1138 quibuscum
1300 1075 1452 1137 compara
1475 1052 1628 1119 Pliniana
1651 1056 1713 1135 3‚3

369 1174 556 1227 terrarum
579 1160 678 1225 orbis
704 1163 855 1224 universus
885 1161 918 1223 in
950 1171 1008 1222 mee
1038 1160 1223 1222 diuiditur
1247 1170 1352 1245 partes
1376 1159 1564 1247 Europam
1587 1160 1715 1224 Asiam

369 1270 551 1357 Africam.
598 1288 649 1333 res
672 1266 804 1353 quidem
826 1268 972 1350 vulgaris
995 1273 1054 1346 est,
1078 1266 1232 1333 sedeam
1255 1267 1354 1332 verba
1373 1267 1445 1351 ipsa
1460 1288 1558 1351 quam
1573 1270 1714 1335 maxime

370 1376 493 1443 similia
515 1377 591 1456 sint,
615 1375 670 1440 rix
700 1379 809 1458 potest
834 1375 948 1458 negari
983 1372 1095 1440 eodem
1129 1379 1262 1439 auctore
1295 1380 1470 1458 utrumque
1504 1397 1598 1440 usum
1633 1397 1712 1447 esse.

371 1484 424 1549 oni
441 1482 587 1568 opinioni
602 1479 665 1547 hoc
680 1501 809 1564 quoque
825 1479 933 1546 lavere
948 1479 1085 1559 videtur,
1104 1479 1193 1563 quod
1212 1480 1293 1545 ordo
1308 1486 1473 1546 terrarum
1488 1489 1628 1565 utroque
1643 1482 1714 1549 loco

374 1590 463 1655 idem
486 1593 546 1672 est,
570 1607 766 1672 quamquam
783 1586 907 1650 Plinius
929 1586 963 1651 in
986 1587 1057 1670 ipso
1080 1586 1185 1669 operis
1208 1587 1411 1652 enarratione
1433 1587 1533 1652 alium
1556 1589 1713 1675 sequitur,

374 1696 474 1762 alium
493 1695 528 1760 in
550 1693 661 1759 limine
683 1694 860 1778 proposuit.
905 1694 970 1758 iam
985 1691 1094 1758 Malao
1116 1693 1215 1758 verba
1237 1693 1440 1759 conferamus
1463 1702 1492 1774 1,
1506 1699 1542 1765 8:
1565 1695 1619 1759 loc
1633 1699 1716 1758 mari

377 1815 405 1868 et
434 1803 547 1866 duobus
579 1801 696 1886 inclytis
723 1800 862 1863 amnibus
895 1800 996 1864 Tanai
1026 1811 1114 1886 atque
1135 1798 1211 1863 Nilo
1237 1802 1275 1863 in
1302 1811 1372 1864 tres
1399 1813 1524 1887 partes
1546 1804 1715 1866 uniuerso

375 1911 566 1974 diuiditur.
614 1929 697 1992 quae
720 1929 741 1973 a
763 1907 869 1973 verbis
885 1906 1062 1972 Divisionis
1085 1908 1288 1991 aliquantum
1303 1906 1469 1990 recedunt,
1493 1907 1550 1974 sed
1567 1911 1713 1992 proxime

375 2015 494 2082 absunt
517 2015 559 2082 ab
583 2015 629 2080 eis
643 2013 733 2078 Plini
756 2033 840 2097 quae
862 2035 926 2078 non
949 2015 1017 2079 tam
1040 2019 1192 2079 accurate
1216 2034 1288 2078 cum
1304 2013 1361 2080 illa
1375 2017 1590 2084 consentiunt.
1629 2013 1713 2080 adde

378 2122 465 2204 quod
488 2127 522 2188 et
545 2131 625 2184 tarra
646 2120 786 2182 unincma
809 2125 843 2183 et
865 2129 1015 2182 terrarum
1037 2120 1116 2182 ortu
1141 2140 1200 2203 per
1229 2140 1264 2184 se
1293 2118 1424 2201 suflicit,
1454 2132 1605 2185 terrarum
1634 2121 1716 2185 orbis

379 2232 529 2293 uniuersus
552 2225 768 2294 abundantius
791 2225 914 2291 dictum
937 2222 1074 2290 videtur.
1120 2224 1198 2309 quid
1217 2223 1342 2290 multa?
1388 2226 1515 2293 Plinius
1531 2251 1571 2294 ex
1586 2227 1714 2293 dnobus

381 2333 524 2401 fontibus
547 2354 647 2398 unum
667 2331 818 2399 conflavit
834 2333 1047 2410 enuntiatum,
1072 2353 1187 2416 nempe
1202 2354 1241 2397 ex
1257 2351 1295 2397 eo
1311 2338 1452 2412 auctore,
1470 2335 1522 2398 oui
1538 2332 1715 2398 Divisionis

380 2441 478 2508 verba
501 2440 661 2506 debentur
683 2438 715 2505 h.
740 2461 768 2506 e.
791 2461 832 2506 ex
854 2439 1014 2524 Agrippa,
1039 2445 1134 2505 etex
1157 2439 1271 2520 altero,
1299 2459 1321 2503 a
1343 2459 1408 2522 quo
1431 2438 1537 2504 Melae
1568 2439 1715 2504 doctriua

379 2547 526 2615 derivata
550 2553 609 2612 est.

484 2675 568 2739 quae
591 2652 774 2720 observatio
802 2652 1012 2736 sequentibus
1042 2650 1281 2736 comprobatur.
1327 2652 1433 2735 pergit
1465 2651 1549 2717 enim
1572 2651 1714 2718 Plinius:

376 2764 460 2847 oripo
483 2762 520 2824 ab
544 2783 645 2824 naemu
668 2760 736 2823 eolis
759 2771 787 2823 at
804 2757 955 2824 Gaditano
969 2758 1059 2845 freto.
1106 2780 1257 2843 compara
1273 2757 1448 2824 Divisionis
1469 2758 1580 2826 verba:
1599 2761 1716 2844 princi-

374 2871 464 2956 pium
494 2891 563 2953 erpo
593 2869 648 2931 crit
678 2867 813 2930 omnibus
843 2866 881 2929 ab
904 2867 1048 2952 Europae
1076 2866 1150 2945 srew
1181 2887 1269 2951 quem
1301 2866 1397 2928 locum
1426 2864 1535 2930 (tract
1556 2865 1717 2928 Heracleas

376 2976 464 3042 stelas
480 2975 676 3063 appellant1).
716 2975 762 3041 nil
776 2974 893 3041 horum
909 2975 1013 3041 simile
1033 2974 1121 3060 apud
1137 2973 1268 3044 Melam.
1299 2974 1356 3040 sed
1374 2995 1458 3058 quae
1473 2973 1717 3059 subsequuntur

375 3083 465 3168 apud
492 3083 651 3149 Plinium:
683 3105 744 3168 qua
773 3081 981 3167 inrumpensl)
1014 3104 1140 3145 omanus
1173 3081 1344 3144 Atlanticus
1374 3082 1408 3143 in
1441 3082 1541 3143 maria
1575 3082 1716 3144 interiora

377 3192 570 3277 diffunditum
594 3190 662 3252 lsinc
684 3190 811 3252 intranti
832 3190 951 3252 ductura
973 3188 1083 3274 Africa
1105 3199 1155 3262 ert,
1178 3188 1265 3251 lacco
1287 3185 1425 3272 Europa,
1448 3188 1526 3252 inter
1552 3188 1606 3250 lias
1627 3188 1715 3261 Asia,

378 3298 497 3361 termini
519 3318 621 3359 amnas
643 3294 756 3357 Tanais
777 3305 805 3358 et
825 3292 928 3377 Nilus,
951 3294 1031 3359 haec
1054 3294 1127 3359 dico
1150 3295 1272 3378 optime
1294 3315 1366 3360 eum
1384 3293 1491 3359 Melae
1514 3295 1620 3360 verbis
1642 3315 1717 3360 oon-

378 3406 513 3487 gruunt:
539 3406 603 3482 l,l
627 3404 781 3487 anqustiae
803 3402 1011 3487 introitumque
1036 3403 1175 3465 venientu
1204 3424 1259 3465 nos
1274 3400 1399 3487 frenum,
1427 3400 1537 3466 Graeci
1554 3401 1716 3487 portlmon

378 3506 572 3594 appellauit).
617 3530 678 3594 qua
701 3507 894 3593 ds'ffunditur,
919 3508 983 3570 alia
1003 3507 1071 3570 aliis
1085 3508 1155 3570 locis
1169 3506 1378 3592 copnnmiun‘)
1396 3518 1530 3593 accaptat
1546 3557 1553 3570 .
1571 3553 1604 3573 ..
1629 3506 1717 3568 8Ιιαα

378 3616 459 3678 mari
480 3624 508 3678 et
529 3614 642 3677 ‹luobm
663 3614 779 3699 inclytis
806 3612 920 3700 fluviis,
951 3612 1050 3676 Tanai
1079 3624 1167 3698 atque
1190 3610 1272 3687 Nilo,
1304 3613 1338 3675 in
1367 3623 1423 3675 tres
1448 3622 1552 3697 partes
1580 3612 1717 3674 anniversa

378 3721 523 3784 dindima
539 3770 546 3787 .
565 3765 598 3787 ..
623 3721 702 3804 quod
724 3730 872 3783 terrarum
894 3720 967 3783 uacet
989 3740 1009 3781 a
1031 3718 1114 3804 freto
1144 3721 1186 3781 ad
1216 3740 1251 3782 ea
1272 3717 1409 3802 flumina
1439 3716 1478 3778 ab
1508 3717 1600 3779 altero
1627 3716 1718 3779 latere

379 3827 519 3912 Africam
540 3848 689 3900 vocamus,
714 3825 866 3890 obeliero
889 3825 1046 3911 Europen,
1076 3824 1157 3887 ultra
1189 3824 1330 3909 quicquid
1359 3834 1411 3901 cst,
1434 3822 1511 3884 Aria
1541 3833 1591 3886 est.
1638 3830 1716 3886 nota

379 3932 432 4000 hic
455 3932 497 3999 ab
520 3939 660 4016 utroque
683 3932 831 3998 Africam
854 3933 944 4016 prius
977 3933 1062 4017 poni,
1094 3953 1170 3997 nam
1201 3952 1273 3996 cum
1307 3929 1390 3994 duae
1421 3948 1474 3992 res
1507 3948 1528 3991 a
1558 3925 1717 3992 lateribus

379 4040 506 4125 positae
541 4048 779 4118 enumerantur,
815 4038 967 4105 dextrum
1000 4039 1087 4104 latus
1122 4038 1249 4103 laevum
1281 4034 1477 4120 praecedere
1510 4033 1601 4099 solet.
1659 4031 1717 4097 sed

380 4156 411 4231 1,
426 4153 467 4219 25
491 4148 589 4227 Mela,
622 4153 660 4213 ut
695 4170 766 4214 oum
800 4149 980 4234 posteriore
1013 4148 1231 4229 coniungatur
1264 4146 1335 4229 ipsa
1369 4140 1553 4225 descriptio,
1589 4139 1717 4204 laevum

381 4255 496 4323 dextro
520 4256 645 4322 anteire
668 4255 779 4322 voluit.

491 4416 511 4484 ¹)
530 4414 595 4469 bino
613 4412 781 4483 perspicitur
793 4414 948 4483 Agrippam
961 4413 996 4467 ab
1010 4411 1148 4481 Hispanis
1160 4409 1291 4479 coepisse.
1323 4407 1394 4461 adde
1407 4406 1483 4475 quod
1499 4406 1560 4460 Diu.
1575 4407 1589 4460 1
1604 4403 1718 4473 Europa

379 4502 470 4572 primo
492 4502 555 4557 loco
579 4505 818 4555 commemoratur.
855 4518 907 4555 neo
929 4500 1003 4571 quod
1028 4501 1057 4554 in
1076 4498 1317 4555 Dimensnratione
1340 4494 1375 4549 ab
1398 4495 1504 4549 oriente
1529 4497 1560 4547 et
1580 4491 1663 4546 india
1685 4490 1718 4545 lit

380 4590 532 4650 exordium,
559 4590 704 4646 miramur:
732 4591 773 4644 ibi
803 4591 876 4645 enim
904 4590 1062 4661 paradisum
1091 4590 1175 4643 situm
1202 4586 1288 4640 luisse
1315 4585 1535 4640 Christianorum
1563 4582 1718 4635 communis

381 4680 476 4749 opinio
495 4679 590 4734 estol.
610 4696 633 4735 s.
651 4698 678 4750 g.
698 4680 782 4735 Sidon
800 4697 884 4735 carm.
903 4682 929 4748 2,
938 4681 1029 4747 407sq
1075 4677 1138 4732 Alc.
1157 4676 1233 4730 Avit.
1253 4692 1336 4729 earm.
1355 4676 1381 4746 1,
1391 4675 1434 4730 95.

489 4768 511 4838 ¹)
531 4768 602 4823 hano
620 4768 762 4823 notionem
781 4768 983 4822 Varroniansm
1001 4784 1061 4821 esse
1081 4764 1154 4819 mlta
1171 4763 1358 4833 probabimus.

491 4856 513 4927 ⁸)
532 4855 568 4911 of.
581 4854 654 4910 Plin.
673 4857 697 4920 3,
708 4855 743 4911 74
760 4856 793 4911 in
810 4871 839 4911 eo
857 4857 938 4924 (sinu)
957 4855 1049 4909 maria
1066 4854 1274 4923 nsmcsspantur,
1286 4851 1359 4907 unde
1373 4847 1521 4918 inrumpit,
1534 4843 1717 4910 Atlanticum,

381 4944 415 5001 ob
433 4943 497 4999 aliis
516 4960 656 5014 mapnum,
674 4959 728 5011 quc
745 4943 843 5011 intrat,
857 4942 1004 4999 Porthmos
1022 4959 1040 4996 α
1060 4940 1184 5006 Graccis,
1210 4956 1229 4994 α
1246 4939 1325 4994 nobis
1344 4936 1518 4993 Gaditanum
1533 4935 1641 5005 fretum
1659 4948 1717 4999 eqs.

381 5049 452 5102 quae
469 5036 545 5086 recte
562 5029 599 5085 ad
620 5028 774 5086 Varronem
792 5030 978 5097 Detlelsenus,
998 5028 1117 5082 Hermes
1136 5029 1168 5083 21
1189 5028 1282 5098 (teet)
1300 5043 1327 5096 p,
1347 5026 1446 5093 alosq.
1464 5022 1582 5076 rettulit.

489 5121 513 5191 ⁴)
532 5124 599 5173 nota
618 5120 691 5189 apud
709 5120 780 5177 Plin.
800 5122 852 5186 3,3
872 5121 1019 5191 pluraliter
1037 5118 1129 5174 maria
1145 5117 1282 5174 interiora
1299 5116 1363 5169 dici.
1448 5153 1452 5158 ·
