4275 6025
1088 684 1151 746 149

452 895 601 978 scriptori
617 893 728 959 deberi
742 893 849 959 Riesio
865 893 1003 959 concedo
1012 893 1051 979 ¹).
1089 915 1163 958 nam
1178 892 1438 978 promunturium
1455 890 1540 958 Solis
1555 914 1614 975 pro
1630 890 1782 959 Soloente

452 997 609 1085 (Σολόεις)
633 1006 682 1065 001
705 1004 738 1065 et
759 998 878 1065 flumen
896 997 1082 1083 Quoseuum
1104 998 1239 1064 latinam
1262 998 1424 1064 scribendi
1441 999 1599 1063 rationem
1623 996 1782 1080 efflagitat

450 1127 508 1172 neo
523 1107 627 1173 minus
643 1105 818 1174 Velatitae.
857 1112 943 1171 certe
958 1105 1151 1188 interposita
1170 1110 1220 1169 est
1236 1107 1266 1186 5,
1283 1107 1314 1173 8.
1351 1103 1476 1168 deletur
1491 1104 1575 1169 enim
1591 1126 1630 1169 ea
1652 1112 1779 1169 senten·

451 1212 571 1277 tiorum
589 1233 699 1293 nexus,
724 1232 796 1275 cum
820 1210 919 1277 verba
936 1234 955 1273 a
970 1221 1085 1273 moute
1107 1231 1143 1274 eo
1165 1208 1208 1274 ad
1223 1209 1394 1274 Atlantem
1414 1210 1572 1291 respicere
1595 1210 1774 1288 videantur,

452 1316 491 1382 de
519 1338 583 1401 quo
607 1324 637 1396 5,
654 1322 674 1387 'l
702 1319 821 1401 agitur.
867 1324 976 1382 tamen
1011 1338 1048 1381 ea
1083 1337 1167 1401 qnae
1203 1322 1233 1399 5,
1254 1321 1327 1400 5sq.
1364 1315 1526 1399 leguntur,
1560 1317 1651 1382 nullo
1685 1315 1781 1382 modo

451 1429 566 1487 coeunt
593 1444 666 1489 cum
699 1427 730 1501 5,
747 1426 832 1507 9sq.,
856 1424 903 1487 its
930 1427 967 1487 ut
993 1422 1078 1487 iuter
1109 1422 1252 1487 diversos
1282 1408 1430 1486 tinctores
1461 1419 1684 1486 distribuenda
1706 1421 1780 1485 sint.

437 1544 525 1593 ‘nam
549 1532 615 1610 5,5
645 1529 761 1595 fluuius
784 1527 931 1610 Sububus,
963 1529 1118 1613 oppidum
1147 1527 1224 1592 Sala
1253 1528 1393 1594 latinam
1419 1528 1557 1593 formam
1588 1528 1779 1593 induerunt:

451 1639 518 1715 5,9
542 1634 665 1700 806010
688 1644 721 1703 01
743 1636 834 1700 Salat
854 1637 1026 1703 barbaram
1049 1638 1263 1705 retinuerunt.
1309 1641 1438 1721 poterat
1465 1635 1518 1700 hic
1544 1632 1653 1700 afferri
1677 1633 1781 1698 Anto·

449 1742 550 1806 telum
575 1765 689 1809 nornen
715 1745 782 1822 5,9
803 1742 843 1812 cl.
861 1750 929 1829 5,5
952 1743 1125 1807 Autololum
1146 1754 1239 1828 90010,
1262 1744 1325 1809 0101
1349 1747 1379 1823 6,
1397 1746 1438 1811 17
1463 1743 1495 1807 10
1519 1742 1632 1808 eodem
1653 1742 1781 1806 nomine

449 1849 574 1916 codices
597 1851 679 1916 adeo
703 1851 920 1931 dissentirent,
951 1856 988 1914 ut
1012 1848 1092 1933 quid
1119 1851 1294 1931 genuinum
1316 1850 1368 1931 sit,
1394 1871 1458 1914 non
1479 1850 1613 1933 liqueat.
1659 1848 1781 1912 latinus

449 1954 548 2037 igitur
578 1964 691 2021 auctor
720 1957 925 2039 quaerendus
955 1963 1005 2021 est
1036 1956 1087 2021 oui
1117 1955 1296 2040 Polybiane
1323 1956 1519 2024 tribuantur.
1566 1955 1781 2021 consideranti

449 2069 557 2127 autem
582 2065 694 2144 6,199
718 2083 781 2128 000
805 2065 874 2128 0100
897 2062 1129 2147 probabilitate
1152 2085 1211 2129 nos
1233 2061 1349 2148 Polybi
1371 2062 1591 2127 testimonium
1614 2059 1780 2127 0018060-

449 2187 519 2232 sum
543 2169 717 2250 rettulisse,
752 2144 809 2235 ulii
844 2170 883 2235 de
917 2170 1018 2235 isdem
1052 2171 1238 2254 regionibus
1265 2192 1317 2234 res
1344 2176 1402 2251 est,
1432 2191 1496 2234 non
1522 2168 1678 2234 absonum
1701 2174 1782 2252 puto

448 2274 623 2358 videbitur,
637 2281 667 2355 5,
685 2280 759 2361 tlsq.
773 2297 902 2361 quoque
918 2277 1022 2342 eidem
1038 2277 1233 2344 adscribere.
1265 2277 1316 2341 cui
1333 2277 1537 2343 coniecturae
1551 2276 1678 2359 egregie
1693 2274 1781 2340 favet

449 2376 580 2445 Solinus
609 2384 666 2465 qni
688 2388 801 2463 24,16
825 2384 905 2449 haec
932 2384 1081 2449 exhibet:
1105 2385 1174 2448 1000
1195 2386 1232 2447 <le
1253 2383 1376 2447 Atlante
1397 2406 1484 2470 quem
1507 2383 1616 2446 Mauri
1636 2383 1782 2446 Addimm

448 2486 613 2570 nominant,
638 2498 666 2551 ct
692 2488 854 2552 Hannonis
875 2490 987 2553 Punici
1020 2490 1092 2553 libri
1123 2501 1150 2553 ot
1181 2490 1273 2552 nostri
1303 2492 1427 2553 0000100
1459 2492 1665 2575 prodiderunt,
1700 2488 1779 2552 Iuba

448 2592 536 2675 ctiam
560 2592 725 2659 Pwlemoei
752 2596 840 2683 filius
874 2596 927 2680 qui
959 2598 1113 2679 00100000
1136 2595 1345 2658 Mauretaniae
1374 2617 1465 2679 rayno
1488 2598 1602 2680 potitus
1629 2606 1678 2659 cat.
1723 2594 1780 2659 ubi

448 2700 594 2780 quamvis
625 2700 682 2766 illa
712 2700 753 2765 de
775 2700 861 2765 Iuba
892 2700 1071 2783 depravata
1101 2702 1166 2767 sint
1196 2700 1360 2781 aSolino,
1389 2723 1461 2767 oum
1485 2723 1599 2767 nomen
1624 2700 1779 2767 Addirim

447 2802 603 2870 Hannoni
626 2806 840 2890 adscribatur,
865 2807 968 2872 Iubae
994 2808 1027 2873 id
1057 2808 1168 2874 deberi
1191 2816 1440 2875 consentaneum
1470 2814 1529 2874 est.
1575 2810 1644 2872 eins
1671 2816 1779 2872 autem

450 2910 579 2995 Λιβυκά
603 2912 722 2980 Seboso
745 2915 963 2981 intercedente
987 2917 1127 2982 Plinium
1152 2919 1279 2983 novisse
1306 2939 1405 3001 supra
1427 2940 1458 3002 p.
1481 2922 1526 2986 44
1550 2938 1589 2980 ex
1612 2917 1644 2997 6,
1659 2916 1778 2996 20100.

449 3013 671 3088 conclusimus.
717 3022 757 3088 de
782 3021 930 3090 Varrone
952 3043 1028 3088 vero
1051 3025 1105 3088 rix
1128 3025 1298 3109 quisquam
1320 3024 1517 3108 cogitaverit.

555 3126 735 3213 Polybiane
750 3130 893 3195 narratio
908 3127 1021 3195 finitur
1036 3151 1100 3196 una
1115 3151 1189 3196 cum
1205 3134 1303 3219 5,10;
1320 3130 1494 3215 opponitur
1509 3129 1539 3195 ei
1553 3127 1778 3211 indigenarum

449 3231 597 3299 doctrina
621 3239 721 3317 5,13.
746 3239 798 3315 16,
822 3257 906 3320 quae
928 3237 1112 3322 interrupta
1134 3245 1183 3303 est
1206 3237 1341 3305 Suetoni
1363 3237 1494 3302 Paulini
1521 3235 1686 3301 relatione.
1732 3233 1780 3297 ita

447 3361 522 3405 vero
546 3362 599 3406 res
623 3340 787 3420 sehabet,
814 3349 851 3407 ut
874 3341 1055 3428 Polybiane
1083 3345 1294 3429 suppleantur
1321 3345 1425 3410 altera
1450 3343 1647 3410 narratione.
1693 3338 1780 3405 unde

448 3467 524 3510 sanc
539 3447 707 3532 probabile
730 3455 779 3515 est
794 3470 814 3514 a
829 3447 936 3514 Plinio
960 3455 993 3515 et
1008 3449 1191 3535 Polybiane
1214 3457 1247 3515 et
1269 3449 1454 3534 indigenam
1471 3450 1651 3515 doctrinam
1674 3446 1779 3513 eidem

448 3555 573 3638 auctori
598 3553 718 3624 deberi.
758 3576 796 3621 ao
818 3576 931 3621 revera
960 3554 1076 3621 fluvius
1103 3554 1205 3635 Salat,
1229 3577 1326 3640 quam
1354 3555 1491 3621 formam
1513 3556 1654 3639 optimus
1677 3551 1778 3618 codex

446 3656 613 3722 Leidensis
637 3663 727 3739 5,13
751 3661 838 3727 solus
859 3662 1008 3741 servavit,
1031 3663 1217 3727 nominatur
1232 3663 1316 3727 sicut
1330 3662 1364 3727 in
1377 3660 1573 3745 Polybianis.
1611 3657 1777 3723 terminari

447 3769 554 3830 autem
570 3765 664 3830 initio
687 3771 773 3849 5,16
789 3767 921 3833 Paulini
944 3769 1133 3834 memoriam
1152 3769 1226 3834 inde
1242 3769 1456 3852 cognoscitur,
1472 3765 1558 3850 quod
1575 3764 1616 3828 de
1631 3762 1778 3827 Perorsis

446 3877 599 3937 constat
620 3872 738 3954 Plinio,
763 3874 802 3939 01.
827 3880 857 3957 5,
877 3878 928 3944 10.
974 3896 1034 3941 000
1064 3877 1148 3941 male
1178 3897 1261 3959 quae
1292 3874 1333 3939 de
1364 3873 1447 3939 Iuba
1470 3876 1503 3937 et
1526 3868 1664 3933 Atlante
1686 3867 1777 3947 5,16

445 3976 641 4060 referuntur,
670 3980 813 4045 cumeis
840 3981 1080 4065 coniunguntur
1106 3982 1245 4066 quaein
1273 3981 1336 4046 fine
1359 3983 1450 4061 5,13
1474 3978 1776 4043 commemorantur.

445 4081 548 4148 Iubae
563 4104 637 4149 vero
653 4105 767 4150 nomen
782 4085 836 4151 bic
859 4106 989 4170 quoque
1004 4086 1126 4154 Seboso
1142 4093 1309 4171 acceptum
1329 4085 1409 4151 ferri
1424 4103 1522 4169 supra
1537 4076 1776 4164 coniecimns2).

558 4189 633 4254 dein
656 4198 803 4257 mutatur
826 4192 999 4276 descriptio
1021 4192 1098 4278 inde
1117 4192 1309 4259 aNumidia
1331 4196 1363 4270 5,
1374 4194 1427 4262 22.
1471 4189 1524 4254 hic
1546 4185 1680 4252 tabulae
1702 4205 1777 4250 cen·

444 4293 548 4360 seriae
561 4295 672 4360 eadem
689 4297 814 4361 ratione
830 4317 902 4361 cum
918 4318 957 4362 ea
973 4298 1162 4363 coniunctae
1177 4305 1254 4363 snut
1273 4318 1336 4381 qna
1351 4297 1385 4361 in
1400 4295 1536 4377 Europa
1550 4292 1731 4357 meridiana
1738 4289 1775 4377 ⁸).

444 4419 482 4465 ac
503 4420 617 4465 revera
640 4407 711 4467 tota
733 4403 928 4468 narrationis
950 4403 1074 4470 indoles
1102 4403 1213 4470 eadem
1236 4410 1287 4469 est
1317 4422 1402 4487 quac
1432 4401 1487 4466 ibi.
1533 4398 1660 4465 accedit
1689 4397 1776 4483 quod

443 4504 579 4590 Polybio
602 4512 735 4572 auctore
749 4507 838 4573 Plini
856 4507 928 4574 1000
944 4509 1049 4573 utitur
1071 4513 1103 4587 5,
1115 4513 1159 4578 24
1182 4509 1306 4595 (Polyb.
1331 4511 1383 4591 12,
1399 4513 1430 4576 ·l.
1453 4504 1492 4572 ci.
1516 4507 1546 4586 3,
1560 4507 1617 4588 23)
1640 4509 1671 4582 5,
1684 4507 1727 4574 26
1736 4503 1775 4589 ¹).

552 4789 672 4858 ι)(11111
691 4789 762 4846 1878
780 4808 807 4859 p.
827 4793 852 4846 5.

550 4874 737 4946 Umpst

552 4966 572 5030 ⁸)
592 4965 626 5018 de
643 4965 793 5019 iteratione
812 4965 973 5020 Castrorum
991 4964 1183 5021 Corneliorum
1203 4969 1228 5034 5,
1237 4969 1280 5023 24.
1299 4969 1334 5024 29
1352 4967 1389 5022 01.
1408 4986 1436 5037 p.
1455 4966 1498 5022 98.

551 5055 573 5122 ⁴)
593 5054 628 5106 01.
648 5051 686 5107 Μ.
700 5053 730 5110 C.
743 5053 775 5110 P.
790 5053 925 5122 Schmidt,
943 5053 978 5108 de
991 5054 1101 5124 Polybii
1119 5057 1290 5126 geographia
1302 5075 1328 5126 p.
1341 5058 1388 5118 2⁴,
1402 5056 1505 5111 111611οτ
1522 5051 1614 5110 ooli.
1628 5050 1659 5106 11
1671 5068 1700 5121 p.
1711 5051 1774 5105 473.
