4275 6025
1031 694 1094 759 101

392 914 427 973 ct
449 906 685 973 Mommsenum
713 906 755 971 ds
782 903 901 989 oppido
927 904 1026 970 Actio
1052 925 1116 969 non
1146 903 1318 973 dubitavit.
1370 903 1429 971 ssd
1455 904 1524 990 ipss
1551 925 1621 970 rem
1650 905 1730 971 urti-

393 1014 534 1081 ficiosius
558 1012 720 1098 explicare
738 1017 884 1077 conetur.
930 1012 964 1076 in
978 1011 1136 1095 periegssi
1150 1010 1236 1076 onim
1251 1010 1387 1076 Actium
1401 1010 1560 1077 invenisse
1574 1010 1727 1094 Plinium,

392 1122 426 1187 in
449 1118 617 1186 laterculis
644 1118 802 1185 coloniam
825 1117 970 1197 Actium,
998 1118 1162 1184 civitatem
1186 1116 1323 1183 liborum
1349 1116 1544 1201 Nicopolim.
1594 1138 1679 1202 quoe
1710 1137 1731 1183 s

393 1227 502 1293 Plinio
523 1246 641 1311 porum
662 1225 801 1291 feliciter
824 1244 893 1291 esso
917 1222 1066 1291 conflato.
1112 1227 1148 1291 ot
1169 1223 1243 1290 uide
1263 1216 1306 1289 no
1331 1223 1542 1290 librariorum
1569 1224 1666 1309 culpo
1695 1224 1731 1289 in

394 1331 503 1398 Plinio
527 1332 736 1416 vituperetur.
782 1331 861 1416 quid
885 1332 913 1397 si
935 1332 1005 1416 ipse
1027 1330 1171 1416 scripsit:
1198 1353 1235 1394 cc
1256 1331 1360 1394 ciritm
1381 1330 1476 1395 libera
1496 1327 1730 1417 Nicopolitana?

395 1445 475 1505 tuno
489 1438 598 1505 omnio
611 1436 786 1504 manifeste
801 1442 886 1506 sunt.
924 1437 1078 1503 facillime
1092 1443 1201 1503 sutem
1217 1436 1430 1521 grammatico
1444 1438 1570 1503 ratione
1584 1438 1732 1522 neglecto

394 1545 611 1612 nominativus
644 1544 747 1607 uuio
779 1544 822 1609 ad
850 1545 1121 1630 praepositionem
1148 1567 1215 1609 rum
1241 1564 1262 1609 u
1288 1543 1430 1610 librariis
1456 1544 1565 1630 potuit
1591 1544 1730 1613 odnccti.

396 1655 453 1739 qni
475 1674 567 1720 error
588 1651 670 1719 adeo
691 1653 790 1719 tritus
812 1659 871 1735 est,
893 1659 933 1720 ut
954 1654 1022 1720 fers
1045 1654 1194 1738 exemplo
1215 1651 1360 1739 prolerre
1381 1649 1513 1738 pudent,
1536 1650 1593 1715 sed
1608 1649 1649 1718 cf.
1666 1653 1731 1733 3,7

400 1757 731 1826 &edocumatos
753 1760 1071 1827 dicecdctsicrecte
1097 1762 1141 1841 A,
1169 1761 1203 1825 in
1229 1759 1366 1844 reliquis
1392 1758 1531 1822 ἀίοαιάαε
1557 1776 1733 1824 accommo-

396 1866 473 1934 dato
496 1888 574 1933 casu
596 1865 639 1933 ad
660 1865 895 1950 antecedentis,
918 1867 1004 1933 unde
1026 1868 1126 1952 vulgo
1148 1868 1290 1933 dioneae
1313 1866 1422 1947 edunt,
1451 1862 1509 1930 ssd
1535 1863 1732 1948 singularem

397 1974 534 2041 formem
558 1973 761 2040 retinendam
785 1993 854 2039 csse
878 1974 983 2040 elucet
1006 1994 1047 2040 cx
1067 1978 1193 2057 4,120.
1239 1974 1291 2040 sel
1313 1976 1426 2053 &155
1450 1972 1497 2036 lio
1518 1973 1612 2036 runai
1636 1970 1732 2054 vulgo

396 2080 442 2145 lu
464 2080 572 2144 innuo
585 2078 665 2147 DF:
690 2079 737 2143 tis
751 2081 844 2145 iuncti
858 2091 927 2144 suot
941 2080 1164 2161 Dotlelsenus3
1186 2081 1265 2147 item
1281 2084 1388 2164 6,171
1406 2078 1487 2143 ultro
1502 2078 1594 2143 siloae
1609 2074 1733 2142 codices

398 2185 560 2271 vulgares,
584 2183 643 2251 ssd
663 2185 745 2250 ultra
767 2188 856 2252 culum
870 2188 931 2255 EF
939 2189 962 2269 1,
986 2187 1073 2255 unde
1092 2188 1173 2252 ultra
1187 2187 1277 2251 usas
1292 2197 1362 2251 sunt
1374 2184 1583 2251 Detlefsenus
1598 2182 1735 2248 coniecit

398 2290 494 2368 male,
522 2308 599 2355 nem
626 2288 741 2375 copulo
767 2292 801 2357 in
828 2314 867 2361 cu
894 2294 1119 2379 descriptionis
1145 2297 1240 2377 purte
1267 2291 1348 2358 solet
1374 2291 1490 2357 omitti.
1541 2289 1599 2355 sed
1623 2287 1735 2356 toedet

397 2396 521 2463 uersari
542 2396 592 2477 =in
625 2416 661 2461 re
695 2416 857 2481 concessu;
896 2421 955 2467 nec
986 2406 1097 2466 tomen
1134 2418 1407 2485 supervacaneum
1444 2396 1544 2463 fuerit
1577 2395 1734 2463 adnotare

397 2503 553 2570 Mortisni
585 2501 693 2568 locum
728 2506 782 2594 qui
812 2509 915 2573 civim
945 2506 1061 2593 legisse
1092 2505 1234 2572 videtur:
1268 2507 1331 2576 651
1364 2504 1488 2569 Actium
1520 2503 1634 2567 colim
1666 2524 1734 2567 cum

397 2609 552 2697 Apollinis
574 2610 753 2698 templo...
777 2616 933 2701 ciritacquc
955 2612 1183 2701 Nicopolitana.
