4275 6025
1094 691 1158 754 174

456 922 522 967 non
546 899 724 986 Bitbyuion
747 900 790 965 ab
815 900 938 966 tabulis
964 901 1156 965 semovimus
1179 921 1211 984 p.
1228 901 1281 969 9‘2.
1327 899 1415 983 quod
1438 919 1510 966 cum
1532 919 1574 965 00
1596 900 1699 985 ipsum
1722 899 1803 983 qni-

456 1005 530 1072 dem
553 1007 640 1071 iutra
659 1005 841 1091 Bosporum
865 1005 1057 1072 collocatum
1081 1006 1133 1082 011,
1154 1005 1280 1073 Isidoro
1303 1003 1487 1071 adscribere
1509 1025 1574 1070 uon
1598 1005 1720 1073 dubito.
1759 1005 1800 1069 in

456 1114 591 1197 reliquis
614 1134 688 1179 vero
711 1114 789 1197 quid
813 1114 880 1179 utri
902 1111 1150 1178 adscribendum
1173 1113 1225 1192 sit,
1250 1111 1338 1177 haud
1361 1111 1457 1178 faaile
1472 1110 1707 1192 diiudicanda,
1730 1112 1800 1176 nisi

456 1219 544 1304 quod
580 1219 699 1304 flamen
733 1219 843 1283 Hieros
877 1221 930 1305 001
970 1219 1146 1304 Bithyniam
1181 1229 1209 1282 01
1246 1215 1403 1282 Gatztiam
1438 1219 1623 1282 disterminat
1656 1222 1699 1300 (b,
1717 1221 1798 1302 149)

457 1325 499 1390 ab
523 1312 650 1391 Isidoro
679 1325 819 1390 alienum
852 1332 909 1390 est.
963 1323 1185 1390 Romanarum
1220 1325 1304 1389 enim
1336 1325 1574 1409 provintiarum
1604 1323 1678 1390 finis
1707 1325 1798 1390 indi-

457 1440 560 1499 catur.

569 1538 625 1603 sed
648 1557 712 1602 nou
735 1536 893 1602 00101010
917 1535 1053 1619 oppidis,
1078 1555 1190 1600 verum
1213 1534 1311 1599 etiam
1331 1534 1364 1598 in
1379 1533 1492 1599 insulis
1507 1535 1596 1600 ultra
1613 1534 1796 1619 Bosporum

456 1643 663 1728 protenditur
677 1662 804 1708 cursus:
823 1648 852 1718 11,
869 1647 927 1709 tol
947 1643 1017 1704 item
1031 1639 1114 1704 atra
1131 1637 1312 1702 Heracleam
1327 1641 1450 1704 adversa
1465 1639 1632 1726 Bithyniae
1648 1641 1792 1726 11100100,

457 1771 550 1834 qaam
578 1748 702 1812 tartari
725 1746 904 1830 Bitlryntrm
930 1755 1044 1813 vocant.
1092 1745 1174 1810 haee
1204 1745 1278 1828 plus
1308 1766 1371 1810 uuo
1400 1747 1529 1811 nomine
1559 1748 1792 1818 memorabilia.

456 1877 532 1921 nam
558 1876 709 1935 graecum
732 1864 897 1919 auctorem
912 1854 1055 1938 produnt
1069 1853 1119 1919 illi
1135 1854 1268 1917 tartari.
1300 1852 1374 1920 dein
1391 1856 1477 1937 quod
1494 1856 1584 1921 ultra
1598 1856 1793 1923 Heracleam

458 1963 523 2026 sita
546 1982 614 2026 esse
637 1961 757 2024 dieitur
780 1959 837 2024 illa
858 1961 974 2041 insula,
998 1960 1042 2025 ad
1064 1963 1261 2026 contrarium
1285 1961 1431 2027 ordinem
1455 1970 1592 2047 spectat.
1638 1970 1708 2030 tum
1734 1965 1793 2030 illa

457 2068 599 2154 Thynias
622 2068 701 2150 quin
723 2087 786 2131 nou
810 2065 938 2132 diversa
952 2068 995 2131 sit
1010 2066 1052 2131 ab
1072 2088 1118 2147 ea,
1136 2088 1221 2151 quae
1237 2076 1506 2135 commemoratur
1522 2073 1552 2150 6,
1567 2074 1610 2140 32
1626 2072 1653 2132 A
1658 2071 1793 2157 pellonia

462 2175 593 2260 Ttyneba
614 2176 704 2246 dieta,
728 2172 878 2256 equidem
900 2194 964 2238 non
987 2173 1113 2241 dubita.
1432 2231 1434 2236 .

569 2283 688 2367 quibus
712 2281 819 2345 000010
841 2286 1018 2345 commotus
1041 2301 1082 2343 ex
1097 2280 1220 2345 lsidoro
1236 2279 1394 2364 quaedam
1410 2278 1453 2346 ad
1475 2282 1654 2366 periegssin
1678 2283 1795 2349 addita

458 2411 525 2456 esse
549 2391 707 2454 existimo.
754 2408 840 2470 0000
863 2387 1091 2453 contaminatio
1115 2407 1152 2452 eo
1168 2407 1298 2470 quoque
1313 2388 1455 2452 cernitur
1470 2389 1557 2471 quod
1576 2389 1795 2457 Demonnesos

457 2504 491 2563 et
514 2494 672 2563 Obaloitis
704 2496 798 2577 quasi
825 2494 970 2558 diversae
998 2492 1121 2558 insulae
1150 2503 1447 2560 commemorantur.
1493 2495 1549 2560 sed
1576 2497 1604 2560 si
1627 2496 1795 2581 Hesychio

457 2601 537 2668 fides
560 2607 599 2684 (0.
623 2624 651 2670 v.
673 2599 878 2688 Δημόνησοι),
896 2599 1052 2667 0110101110
1075 2607 1108 2664 01
1131 2598 1284 2684 Pityussa
1308 2603 1406 2683 (0000
1422 2600 1508 2684 apud
1523 2601 1666 2668 Plinium
1683 2608 1713 2679 1),
1728 2609 1791 2672 lbi

457 2709 612 2792 Pityodes
635 2708 764 2788 dieitur,
788 2708 865 2771 item
889 2708 930 2772 ab
955 2706 1166 2773 Artemidoro
1188 2706 1276 2790 apud
1299 2705 1411 2792 Steph.
1436 2730 1461 2774 s.
1478 2731 1507 2777 v.
1532 2709 1704 2793 Χαλκῑτις)
1727 2732 1793 2776 000

457 2817 586 2881 nomine
609 2814 782 2879 Demonesi
806 2815 968 2879 dicuntur.

568 2921 610 2985 ad
641 2929 766 2986 sextum
799 2921 921 2985 librum
952 2920 1144 2984 accedimus.
1198 2919 1290 2983 ouius
1317 2920 1409 2986 initio
1433 2919 1670 2988 Varronianam
1702 2922 1792 2988 illam

457 3029 630 3113 imaginem
661 3030 839 3093 invenimus
863 3026 902 3092 01.
927 3047 959 3109 p.
990 3030 1059 3094 100.
1108 3026 1181 3090 1010
1213 3048 1384 3088 nnnsnram
1412 3026 1505 3089 Ponti
1534 3050 1554 3089 a
1582 3028 1718 3113 Bosporo
1749 3032 1793 3093 ad

457 3136 622 3199 Maeotiam
645 3135 746 3197 100001
768 3134 809 3199 01
826 3133 1032 3215 Europaeum
1055 3130 1141 3196 latus
1166 3138 1312 3214 spectare
1334 3130 1373 3196 ol.
1398 3137 1429 3213 4,
1443 3135 1486 3201 78
1503 3132 1743 3201 Miillenhoffius
1759 3143 1792 3201 et

459 3240 663 3305 Detlefsenus
686 3245 905 3322 cognoverunt
928 3235 982 3323 (01.
1006 3258 1106 3320 supra
1129 3257 1163 3322 p.
1188 3237 1255 3321 31).
1295 3236 1380 3300 0010
1403 3238 1633 3320 comprobatur
1659 3262 1729 3305 eam
1752 3262 1792 3305 ex

458 3347 608 3415 Varrone
631 3349 766 3430 petitam
790 3368 868 3419 0000.
893 3365 992 3428 quam
1010 3344 1196 3428 Agrippeae
1212 3343 1406 3427 praeoedere
1422 3343 1475 3408 hio
1490 3365 1619 3428 quoque
1637 3346 1790 3415 videmus.

456 3475 553 3538 porro
578 3453 702 3517 Plinius
730 3451 904 3518 seeundum
936 3451 1207 3516 mensurationem
1238 3450 1288 3514 sui
1318 3450 1388 3514 aevi
1418 3452 1525 3533 spatia
1555 3472 1588 3516 se
1611 3453 1791 3535 positurum

457 3561 629 3646 promittit.
676 3561 731 3625 001
759 3568 928 3644 praeterea
950 3580 991 3623 00
1015 3556 1176 3623 Isidorum
1200 3556 1329 3640 quidem
1352 3556 1441 3621 adire
1464 3559 1655 3641 supersedit.
1701 3561 1791 3625 ouius

456 3688 626 3732 mensurae
650 3666 743 3732 100110
765 3672 1017 3747 cognoscuntur:

569 3781 599 3849 6,
614 3774 633 3838 6
646 3770 886 3855 promunturium
901 3766 1051 3831 00001110
1062 3778 1145 3830 00010
1156 3788 1279 3830 0000000
1291 3768 1372 3831 abant
1382 3791 1401 3829 a
1412 3769 1507 3832 Ponti
1517 3771 1587 3833 00110
1603 3762 1791 3836 CCCXXV

457 3878 679 3964 (⁶.)6tl08tad.)‚
703 3876 848 3939 0101110
869 3864 1152 3961 placeam
1188 3878 1290 3953 (2800
1315 3875 1425 3961 stad),
1457 3880 1632 3939 tantundem
1663 3882 1682 3939 a
1713 3876 1790 3942 Cirn-

456 3988 549 4050 nario
572 3996 623 4048 ant
645 3994 679 4046 nt
700 3983 817 4068 011001
838 3982 995 4045 maluere
1018 3970 1179 4045 ΜΠ
1210 3979 1246 4044 D
1281 3980 1382 4067 (2500
1417 3983 1525 4069 stad).
1569 3983 1610 4052 of.
1646 3982 1792 4051 Isidorea

457 4096 488 4169 ἱ),
502 4098 566 4159 2411
606 4092 660 4172 (ab
695 4092 777 4154 ostio
812 4088 922 4175 Ponti)
962 4086 1125 4152 Carambin
1153 4090 1400 4173 promantnrn‘arn
1441 4077 1559 4162 (ἮΙῙ,
1598 4112 1630 4153 00
1663 4092 1792 4156 Maeotia

456 4188 616 4262 acaia]
629 4196 674 4261 D.

569 4306 680 4387 110000
695 4303 745 4368 bis
762 4303 886 4368 duobus
903 4303 1059 4367 mensuris
1076 4302 1175 4367 totius
1191 4301 1289 4367 Ponti
1304 4301 1390 4367 latus
1402 4302 1583 4366 Asiaticum
1599 4302 1790 4375 absolvitur.

458 4431 535 4493 ergo
566 4432 605 4475 ex
638 4410 773 4493 reliquis
804 4409 1027 4494 supplemento
1059 4429 1122 4473 non
1155 4416 1260 4491 egent.
1314 4430 1353 4473 00
1382 4407 1525 4492 profecto
1549 4429 1633 4490 quae
1655 4418 1791 4490 restant,

457 4518 659 4582 coniunctam
684 4517 846 4599 quandam
869 4525 1016 4580 catenam
1041 4514 1195 4593 effitiunt,
1220 4536 1319 4598 quam
1341 4515 1384 4581 ad
1407 4514 1494 4580 illam
1518 4523 1679 4579 recentem
1702 4536 1792 4581 men-

458 4626 655 4690 surationem
679 4623 881 4688 referendum
905 4643 973 4687 esse
997 4623 1070 4705 quis
1094 4620 1210 4707 neget?
1775 4640 1777 4649 ’

570 4740 669 4812 01000
692 4728 773 4794 haeo
794 4750 858 4794 non
882 4730 914 4793 in
930 4731 1079 4814 opinione
1094 4731 1200 4814 posita
1215 4735 1302 4811 sunt,
1318 4728 1374 4794 sed
1391 4728 1652 4794 demonstrantur
1666 4727 1790 4794 oollatis

457 4834 531 4901 aliis
553 4834 651 4901 Ponti
683 4835 1023 4901 dimensurationibus:
1056 4831 1190 4899 Arriani
1220 4834 1293 4900 dioo
1323 4840 1356 4899 et
1383 4833 1542 4899 Marciani
1566 4821 1791 4899 Heraoleensis

458 4948 558 5025 atque
592 4941 741 5024 anonymi
771 4938 898 5028 (GGM.
933 4940 950 5005 l
981 4944 1121 5025 40200),
1154 4962 1250 5025 quem
1281 4961 1320 5005 ex
1354 4940 1403 5005 his
1434 4960 1493 5005 000
1520 4940 1665 5005 hausisse
1695 4939 1790 5025 vulgo

458 5050 605 5118 creduut.
651 5048 743 5133 proin
767 5048 908 5132 primum
930 5067 1157 5132 componamus
1181 5066 1359 5111 mensuras:
