4275 6025
1087 616 1149 682 198

449 821 630 910 Μαργιανή,
649 835 770 907 σχοῖνοι
784 822 825 902 λ’,
840 823 924 891 aaa
946 821 1120 908 Ἀντιόχεια
1135 819 1153 914 ἡ
1173 827 1350 914 καλουμένη
1359 825 1527 912 ”Euripum
1542 827 1658 912 paulo
1676 824 1813 890 diversa

448 927 536 998 Plin.
568 933 600 1012 6,
620 933 664 998 47
697 952 759 1016 qua
793 929 1010 1012 (Alexandria
1042 929 1229 1016 Margiana)
1262 933 1364 996 diruta
1397 954 1418 994 a
1451 932 1591 996 barbaria
1632 929 1813 994 Antiochus

448 1033 565 1100 8515551
580 1035 664 1120 filins
685 1037 785 1101 codun
799 1037 859 1100 loca
873 1039 1001 1101 restituit
1015 1033 1182 1122 Syrianam
1198 1037 1381 1118 interfluente
1397 1037 1518 1122 Marpo,
1542 1040 1601 1124 qai
1626 1038 1814 1102 cmricatar

449 1144 483 1206 ia
493 1141 624 1207 Zoana
653 1144 680 1206 is
694 1143 842 1208 maturat
856 1144 1050 1208 Antiochiam
1065 1144 1228 1232 appellari.
1259 1145 1344 1210 unde
1359 1145 1554 1231 perspicitur
1568 1145 1622 1210 eis
1640 1142 1814 1226 tempori-

449 1247 511 1314 bus
532 1249 653 1334 quibus
674 1249 763 1316 Plini
785 1256 902 1317 555151·
923 1251 1062 1335 scripsit,
1091 1249 1261 1336 Syrianam
1283 1251 1404 1318 dictam
1427 1273 1495 1319 esse
1516 1251 1653 1318 urbem.
1709 1267 1814 1334 porro

448 1353 537 1440 apud
559 1353 722 1422 Isidorum
744 1361 775 1424 4.
792 1360 823 1426 5.
840 1359 909 1426 67
931 1353 1042 1422 bladis
1064 1355 1299 1441 quadrifariam
1333 1355 1490 1422 dividitur
1498 1355 1533 1441 ¹),
1569 1356 1674 1422 cuius
1701 1354 1813 1440 parti·
1930 1399 1931 1410 2

448 1463 546 1530 tionis
568 1461 657 1548 apud
678 1462 825 1529 Plinium
847 1463 972 1528 nullum
1002 1463 1184 1546 vestigium.
1228 1463 1294 1529 iam
1324 1457 1597 1551 Ἀπαυαρκτικηνή
1632 1466 1814 1548 quaeest

448 1568 576 1640 Isidoro
599 1573 651 1650 13,
675 1569 764 1656 apud
778 1569 921 1635 Plinium
945 1572 976 1651 6,
993 1573 1036 1641 46
1060 1569 1181 1635 dieitur
1202 1567 1316 1634 eadem
1338 1570 1641 1658 ragioApaaortcnc.
1688 1569 1813 1652 itaque

448 1682 486 1743 ut
507 1677 637 1745 mittam
665 1675 835 1742 nonnrdlas
865 1676 1030 1742 nominum
1063 1673 1272 1756 differentias,
1303 1674 1420 1760 quibus
1446 1676 1579 1761 paulum
1608 1677 1811 1752 lucramur,

447 1789 581 1870 praeter
613 1783 880 1868 Mesopotamiam
915 1802 993 1848 sane
1029 1789 1159 1849 exstant
1198 1782 1360 1866 quaedam
1406 1783 1608 1849 diversitates
1658 1782 1811 1848 minime

447 1889 676 1974 neglegendae.
721 1910 787 1972 qua
803 1908 839 1954 re
854 1888 981 1972 5355515
996 1887 1225 1972 comprobatur
1241 1888 1342 1954 Asiae
1357 1889 1521 1954 interioris
1537 1886 1808 1974 descriptionem

447 1994 634 2061 Plinianam
668 2015 731 2060 non
766 2015 806 2060 ex
839 1992 967 2059 Isidoro
1001 2014 1070 2058 5555
1104 1993 1292 2071 derivatam,
1326 1994 1360 2059 id
1392 1994 1481 2078 quod
1508 1995 1580 2061 aliis
1601 1992 1808 2061 rationibus

446 2123 548 2186 supra
570 2101 794 2168 conclusimus.

554 2207 611 2274 sed
642 2227 772 2272 5555515
803 2205 1021 2290 interruptum
1052 2210 1089 2270 ut
1118 2225 1298 2290 pergamus,
1331 2204 1375 2271 ad
1397 2205 1559 2271 Arabiam
1581 2211 1806 2272 transeamus

448 2317 479 2392 6,
497 2316 561 2382 142
576 2334 626 2398 sq.
671 2314 762 2380 cuius
800 2313 959 2380 ambitum
984 2311 1068 2378 iuba
1095 2349 1139 2360 —
1161 2333 1236 2377 uam
1268 2313 1345 2378 huic
1367 2309 1495 2378 Plinius
1526 2312 1647 2379 diserte
1671 2316 1707 2394 6,
1731 2317 1802 2381 141
1939 2313 1940 2322 ²

447 2442 482 2486 se
509 2420 679 2487 addixerat
704 2458 743 2469 -
768 2419 937 2504 usquead
960 2424 1102 2484 montem
1124 2414 1291 2484 Amanum
1313 2419 1514 2504 propagavit.
1561 2420 1653 2485 cuins
1677 2420 1733 2486 rei
1765 2419 1802 2482 in

446 2526 604 2611 periegesi
619 2526 665 2612 (5,
682 2526 741 2611 60)
756 2525 878 2591 mentio
899 2526 1031 2592 minime
1045 2531 1096 2591 est
1117 2524 1215 2596 facta.
1247 2528 1488 2593 commemorati
1502 2531 1578 2592 sunt
1592 2526 1642 2591 illi
1656 2527 1801 2592 Arabes

447 2633 481 2698 in
509 2629 688 2698 Mucianeis
712 2638 745 2697 et
766 2633 799 2698 in
816 2632 972 2698 Isidoreis
995 2638 1038 2715 (5,
1055 2636 1110 2704 85.
1134 2636 1165 2712 6,
1182 2636 1234 2703 25.
1261 2635 1349 2717 117),
1373 2640 1482 2699 15555
1506 2633 1570 2698 5115
1592 2633 1662 2698 loco
1684 2652 1798 2718 quam

447 2758 513 2824 quo
540 2760 626 2804 5555
656 2738 850 2808 referuntur.
897 2737 943 2803 nil
966 2739 1050 2803 enim
1074 2738 1120 2804 eis
1143 2738 1188 2804 ibi
1213 2759 1286 2804 aum
1301 2736 1431 2804 Amano
1447 2736 1636 2821 Ciliciaque.
1667 2757 1797 2804 novam

446 2846 548 2930 igitur
581 2865 713 2930 prorsus
748 2843 928 2910 doctrinam
950 2842 1078 2909 Plinius
1113 2864 1197 2910 nunc
1228 2843 1363 2929 profert.
1420 2843 1546 2910 accedit
1579 2843 1667 2928 qnod
1699 2863 1796 2910 nunc

447 2951 576 3019 demum
606 2952 819 3037 comperimus
850 2971 915 3017 non
942 2956 1056 3036 sponte
1085 2971 1139 3017 eos
1166 2951 1343 3017 translatos
1373 2972 1442 3018 essa
1476 2959 1608 3019 auctore
1630 2949 1793 3035 Tigrane.

447 3081 486 3126 ac
507 3080 548 3125 ns
569 3058 679 3125 Nubel
713 3058 843 3143 quidem
866 3056 997 3122 Arabes
1031 3057 1167 3141 reliquis
1201 3058 1235 3122 in
1259 3056 1353 3142 Syria
1387 3059 1604 3144 descriptione
1626 3058 1792 3125 nominati

447 3172 530 3233 sunt
567 3167 679 3250 itaque
694 3165 759 3231 alio
774 3164 916 3249 quodam
931 3165 1089 3249 scriptore
1103 3165 1253 3231 nituntur
1268 3168 1300 3244 6,
1318 3169 1391 3248 142,
1417 3165 1481 3232 5115
1503 3165 1556 3232 vel
1579 3166 1688 3249 potius
1709 3165 1791 3230 aliis

448 3277 479 3354 5,
493 3276 536 3343 80
553 3279 587 3338 51
602 3277 633 3353 5,
646 3274 699 3341 85.
718 3273 749 3350 6,
762 3274 816 3341 25.
833 3274 953 3353 6117.
986 3269 1089 3336 Iubae
1101 3271 1202 3355 igitur
1216 3273 1448 3358 proprietatem
1463 3270 1627 3357 quandam
1641 3273 1789 3353 agnosci-

447 3400 528 3445 mus.
574 3378 680 3444 altera
710 3377 854 3442 cernitur
885 3374 1097 3459 sequentibus
1129 3376 1235 3443 verbis
1267 3380 1380 3458 6,143
1412 3379 1479 3463 apsa
1507 3400 1575 3442 caco
1601 3378 1787 3463 paeninsula

447 3484 567 3548 Arabia
589 3522 633 3532 -
653 3503 737 3567 quae
753 3483 925 3566 opponitur
941 3480 1178 3565 quodammodo
1194 3484 1240 3550 eis
1255 3485 1402 3568 partibus
1417 3477 1523 3551 terrae
1538 3506 1636 3571 quam
1652 3484 1786 3551 Arabes

447 3590 674 3657 mediterranei
696 3595 875 3655 tenent-
897 3590 1055 3655 interduo
1078 3591 1179 3653 masia
1202 3590 1343 3654 Rubrum
1365 3592 1574 3676 Persicamqua
1591 3612 1784 3676 procurrens.

447 3695 501 3761 hic
523 3695 672 3762 Rubrum
697 3716 788 3762 mara
811 3696 931 3762 dicitur
954 3695 1038 3762 idem
1061 3697 1150 3779 quod
1172 3717 1230 3762 nos
1252 3696 1350 3763 hodie
1373 3698 1419 3763 515
1442 3718 1627 3782 nuncupare
1650 3717 1783 3762 eonsue-

447 3803 560 3884 vimus,
584 3802 632 3866 115
647 3806 686 3866 51
700 3806 883 3884 opponatur
896 3800 1037 3867 Persico.
1073 3800 1199 3866 diversa
1223 3807 1331 3866 autem
1354 3802 1440 3884 apud
1470 3800 1612 3868 diversos
1632 3810 1782 3870 auctores

447 3909 531 3975 illud
555 3928 671 3975 nomen
694 3906 796 3973 subiit
818 3905 933 3973 5111515.
973 3905 1136 3991 significat
1159 3907 1244 3973 enim
1258 3907 1450 3992 plerumque
1466 3929 1554 3973 mare
1568 3907 1783 3975 meridianum

446 4016 532 4082 inter
547 4015 677 4081 Indiam
700 4018 734 4079 51
750 4012 961 4099 Aethiopiam
983 4015 1092 4093 situm,
1114 4013 1168 4079 hic
1190 4035 1265 4080 vero
1287 4014 1392 4079 sinum
1407 4016 1596 4083 Arabicum.
1630 4012 1672 4080 56
1695 4014 1783 4081 hunc

446 4129 576 4209 praeter
599 4124 631 4200 6,
649 4123 713 4190 143
736 4122 878 4205 pertinet
900 4141 1016 4187 nomen
1038 4123 1160 4202 6154,
1184 4121 1301 4185 ceteris
1324 4118 1402 4185 locis
1420 4122 1558 4207 amplius
1573 4126 1674 4206 patet.
1706 4120 1782 4186 dein

448 4233 561 4310 6,144
593 4227 757 4294 Nabataei
788 4231 909 4306 extant,
939 4227 995 4311 qui
1030 4227 1096 4292 iam
1130 4230 1161 4308 5,
1178 4228 1221 4297 65
1260 4229 1451 4311 pertractati
1490 4235 1574 4294 sunt.
1621 4247 1680 4293 555
1717 4245 1780 4290 555

448 4340 560 4418 6,145
584 4336 703 4401 iterum
725 4339 815 4400 terra
837 4335 948 4399 iuxtra
970 4332 1150 4419 Euphratis
1177 4334 1296 4399 ostium
1319 4334 1384 4400 sita
1406 4340 1576 4403 tractatur.
1622 4353 1688 4417 quo
1711 4331 1781 4398 loco

447 4442 718 4521 1555561555,
749 4464 795 4506 -cs
824 4440 942 4508 Iubam
963 4442 1075 4527 prodit
1105 4441 1145 4508 51.
1176 4463 1208 4526 p.
1239 4444 1294 4511 43.
1340 4441 1382 4508 65
1413 4442 1526 4509 eadem
1555 4443 1685 4526 regione
1715 4441 1780 4507 iam

448 4552 479 4632 6,
499 4552 561 4619 131
579 4570 628 4634 sq.
651 4552 837 4616 55155551.
875 4554 911 4613 at
933 4547 1006 4613 vide
1031 4546 1261 4613 differentiam:
1285 4546 1697 4632 prioreloaoOhaldaei6,
1716 4550 1779 4617 123

447 4676 512 4722 non
534 4662 572 4721 ut
593 4653 743 4740 populus,
767 4652 824 4719 sed
845 4660 883 4719 ut
898 4657 985 4718 secta
1001 4652 1171 4719 doctorum
1186 4661 1433 4738 percensentnr;
1458 4655 1662 4734 6,143,145
1687 4653 1780 4739 quasi

447 4783 535 4847 gens,
560 4763 778 4839 5151116121
803 4758 1056 4827 Obaldaiearam
1078 4761 1233 4844 gentium.

558 4990 578 5054 1)
597 4987 633 5045 51.
652 4988 765 5043 Miillsri
783 4988 854 5044 564
873 4992 967 5044 notam
986 4988 1079 5045 aaa.
1097 4987 1187 5047 1250.
