4275 6025
1062 682 1106 746 24

416 888 542 958 bibitus
565 910 635 957 esse
656 887 831 972 uideretur,
854 890 935 958 illud
958 912 1038 976 opus
1061 896 1138 958 6616
1159 890 1355 975 legationem
1376 891 1542 976 Syriacam
1567 891 1600 961 b.
1625 913 1653 961 e.
1675 898 1754 961 ante

415 1019 447 1064 a.
471 1000 514 1068 67
537 1019 570 1083 p.
595 995 673 1066 chr.
696 999 852 1083 scriptum
884 1017 961 1066 6666
1008 997 1061 1064 661
1083 997 1227 1082 opinioni
1248 999 1329 1064 haec
1355 1019 1497 1083 oppono:
1528 1001 1638 1077 6166
1667 1020 1752 1084 qnae

416 1101 457 1170 de
480 1102 595 1170 Arado
621 1104 729 1170 166616
751 1102 944 1184 adiciuntur,
979 1103 1139 1188 quomodo
1170 1125 1192 1170 a
1213 1103 1329 1190 Syriae
1361 1104 1576 1190 descriptione
1610 1104 1753 1190 disiungi

416 1211 551 1296 possint,
576 1210 725 1295 equidem
747 1231 812 1277 non
834 1210 936 1277 video.
960 1231 1035 1276 nam
1059 1210 1122 1276 sibi
1144 1211 1214 1295 ipse
1239 1211 1436 1277 contradicit
1456 1211 1623 1279 Brnnnius
1653 1234 1685 1297 p.
1708 1214 1753 1282 26

417 1317 505 1403 quod
527 1319 715 1385 Mucianum
737 1316 827 1383 illam
850 1316 989 1384 insulam
1013 1316 1159 1401 tetigisse
1181 1323 1298 1398 censet,
1322 1339 1396 1384 cnm
1428 1316 1514 1384 bello
1543 1319 1652 1404 priore
1675 1317 1753 1387 cor-

417 1425 545 1493 bulonis
568 1425 724 1505 conlecto,
748 1424 839 1490 cuius
854 1424 1018 1508 particeps
1032 1422 1153 1502 iuerat,
1168 1422 1307 1491 Romam
1321 1424 1453 1494 rediret.
1499 1431 1535 1490 at
1557 1424 1585 1490 si
1599 1423 1753 1492 Aradum

416 1538 494 1602 tuno
516 1532 671 1617 pervenit,
694 1531 728 1596 in
750 1528 846 1616 Syria
868 1550 998 1614 quoqne
1020 1551 1096 1596 enm
1117 1529 1218 1596 inisse
1243 1532 1424 1598 necessario
1454 1531 1618 1598 statuitur.
1675 1551 1753 1616 ergo

417 1640 446 1706 si
478 1639 596 1706 itinera
631 1637 812 1722 descripsit,
847 1638 945 1703 etiam
980 1633 1076 1722 Syria
1110 1636 1321 1703 describenda
1355 1636 1429 1705 fuit.
1485 1642 1522 1704 at
1554 1637 1644 1704 nullo
1681 1638 1754 1705 iure

417 1744 585 1812 Brnnnius
608 1764 629 1810 a
644 1745 795 1812 Muciano
818 1744 859 1810 de
881 1745 928 1810 eis
949 1745 1046 1810 terris
1061 1765 1126 1811 non
1140 1750 1250 1811 actum
1265 1765 1335 1811 esse
1349 1746 1466 1812 statuit
1481 1766 1562 1831 quas
1576 1746 1754 1829 posteriore

416 1851 503 1920 bello
537 1850 680 1918 Corbulo
711 1850 804 1917 adiit.
865 1870 950 1933 quae
984 1850 1093 1934 opinio
1126 1850 1298 1936 progenita
1331 1856 1382 1916 est
1412 1871 1453 1916 ex
1485 1850 1570 1917 ialsa
1603 1852 1644 1917 de
1676 1851 1754 1917 libri

418 1958 583 2026 Muciunei
603 1957 712 2024 indole
734 1957 904 2024 sententia.
950 1956 1038 2041 quod
1069 1977 1146 2024 vero
1178 1957 1212 2022 in
1243 1956 1407 2043 Hispania
1437 1956 1550 2024 Gallia
1578 1958 1755 2026 Britannia

418 2063 595 2132 Germania
617 2084 676 2129 nec
698 2084 762 2129 non
784 2063 819 2128 in
834 2063 946 2128 Africa
968 2063 1075 2146 operis
1092 2062 1255 2130 Mucianei
1277 2065 1415 2148 vestigia
1436 2085 1501 2130 non
1524 2070 1653 2131 exstant
1675 2066 1753 2148 ullu,

418 2171 540 2257 optime
571 2171 721 2238 convenit
753 2169 796 2236 ad
821 2168 909 2234 Plini
939 2168 1021 2235 illnd
1049 2171 1252 2255 propositum
1275 2173 1350 2255 3,1.
1401 2193 1476 2238 uam
1498 2177 1628 2256 praeter
1649 2173 1755 2258 ipsum

418 2283 580 2344 terrarum
603 2275 809 2360 quarundam
830 2275 1047 2359 cognitionem
1068 2277 1123 2342 six
1146 2276 1214 2344 ulla
1244 2276 1340 2345 lande
1367 2278 1401 2343 in
1424 2279 1609 2344 uuiversum
1637 2279 1754 2362 dignus

418 2391 470 2452 est
492 2383 672 2451 Mucianus.
718 2401 758 2447 ne
782 2403 857 2447 vero
872 2380 1059 2448 Mucianum
1082 2383 1251 2468 complura
1273 2383 1427 2469 opuscula
1450 2385 1665 2470 composuisse
1681 2387 1756 2470 quis

418 2495 557 2574 censeat,
582 2511 682 2556 unum
705 2493 755 2554 est
777 2487 935 2571 imprimis
958 2487 1198 2574 impedimento.
1243 2489 1370 2556 Plinius
1392 2492 1477 2557 enim
1495 2491 1552 2556 nbi
1566 2490 1754 2558 Mucianum

417 2597 544 2678 laudat,
568 2596 755 2681 saepissime
778 2593 878 2661 adicit
900 2595 1002 2661 trium
1025 2595 1229 2661 consulatum
1251 2597 1455 2679 mentionem,
1481 2596 1664 2662 etiamtum
1680 2617 1753 2662 cum

417 2726 536 2792 parum
558 2704 589 2770 ei
610 2702 814 2770 auctoritatis
837 2701 991 2782 vindicat,
1013 2701 1105 2767 velut
1127 2704 1158 2783 2,
1171 2704 1235 2771 221
1259 2701 1417 2764 Mucianus
1440 2713 1483 2768 ter
1504 2704 1605 2768 666661
1626 2703 1754 2774 credit·

416 2813 461 2881 of.
479 2816 510 2894 3,
523 2813 577 2882 69.
601 2812 632 2888 8,
646 2813 677 2880 6.
700 2812 751 2890 12,
766 2811 797 2878 9.
823 2813 875 2893 13,
888 2812 941 2878 88.
967 2813 1020 2887 14,
1033 2811 1087 2878 64.
1112 2809 1253 2883 16213.
1278 2810 1396 2890 19,12.
1421 2811 1474 2879 34.
1491 2817 1605 2876 contra
1621 2811 1752 2892 311163

417 2925 507 2987 recte
529 2917 696 2984 Brunnins
717 2937 747 2999 p.
770 2921 814 2984 44
837 2936 858 2980 6
880 2935 997 2996 magno
1019 2914 1077 2981 illo
1099 2935 1196 2999 opere
1219 2914 1305 2980 unde
1327 2914 1454 3000 reliqna
1469 2915 1592 2982 fluxere
1607 2917 1754 2984 secrevit.

417 3028 464 3095 ibi
486 3046 616 3111 quoqne
637 3029 765 3109 tempus
790 3028 941 3089 accurate
964 3022 1254 3089 circumscribitur:
1286 3023 1448 3087 1116616666
1480 3026 1574 3089 altero
1604 3024 1757 3089 66666ιᾶ616

417 3156 481 3200 auo.
528 3153 592 3217 quo
615 3130 653 3196 fit
675 3136 713 3196 ut
735 3130 769 3195 in
795 3129 853 3196 illa
882 3131 973 3197 tertii
1003 3130 1191 3197 consulatus
1223 3132 1525 3198 commemoratione
1555 3154 1620 3198 non
1652 3131 1755 3197 solam

419 3238 598 3324 dignitatis,
623 3234 680 3302 sed
703 3235 802 3301 etiam
825 3236 981 3319 temporis
1008 3234 1276 3319 significationem
1305 3235 1436 3302 subesse
1465 3239 1617 3321 suspicer.
1671 3258 1756 3321 quae

420 3347 606 3415 coniectura
628 3343 657 3409 si
679 3341 846 3426 probatur,
870 3346 945 3427 post
966 3363 1087 3408 annum
1107 3340 1756 3429 7311.cbaopueinudgeogruphioum

419 3453 590 3520 Mucianus
614 3448 716 3515 edidit
725 3447 758 3530 ¹).

527 3577 628 3623 unum
658 3555 797 3639 denique
827 3553 927 3620 nolim
956 3554 1226 3637 praetermittere,
1258 3555 1345 3638 quod
1368 3556 1452 3621 sicut
1473 3556 1516 3622 ad
1539 3556 1678 3634 Brnnni‚
1708 3557 1759 3623 116

420 3664 463 3733 ad
484 3670 632 3731 nostram
653 3661 847 3729 sententiam
869 3681 986 3746 parum
1008 3660 1171 3745 quadrare
1194 3660 1329 3727 forsitan
1361 3661 1518 3728 videatur.
1564 3684 1639 3729 nam
1671 3682 1757 3746 quae

420 3775 473 3856 28,
487 3774 529 3843 29
553 3770 594 3835 de
615 3768 776 3835 medicina
806 3766 949 3852 quadam
980 3767 1022 3835 ab
1045 3766 1197 3834 Muciano
1226 3767 1375 3834 adhibita
1404 3775 1587 3850 narrantur,
1620 3790 1660 3835 ea
1691 3791 1758 3854 quo

419 3879 548 3947 uinculo
571 3899 645 3944 oum
668 3875 794 3959 reliqua
817 3875 953 3941 materia
976 3876 1082 3959 operis
1105 3875 1275 3941 coniuncta
1297 3875 1419 3943 luerint
1446 3898 1510 3943 non
1540 3875 1652 3961 liquet.
1698 3875 1758 3943 sed

420 4006 619 4071 quamquam
642 3982 787 4049 Muciani
808 4003 925 4047 nomen
947 3982 1033 4049 inter
1054 3987 1202 4049 auctores
1229 3981 1306 4049 libri
1336 3984 1405 4050 eins
1436 3991 1565 4051 exstare
1588 3984 1757 4051 Brunnius

419 4112 452 4177 p.
476 4094 520 4160 28
553 4088 714 4172 adfirmat,
750 4093 859 4155 tamen
894 4087 930 4155 id
961 4087 1009 4154 ibi
1043 4089 1228 4155 coniectura
1259 4089 1320 4155 niti
1350 4110 1424 4155 enm
1455 4089 1541 4173 fugit
1570 4090 1625 4179 (cf.
1656 4091 1757 4158 etiam

420 4219 452 4283 p.
476 4200 543 4279 44).
588 4214 672 4279 quae
694 4214 768 4260 cum
790 4195 837 4260 ita
860 4194 935 4276 sint,
960 4195 1100 4279 suspicio
1123 4200 1270 4279 augetur,
1300 4217 1338 4263 ea
1360 4198 1487 4264 omnino
1510 4219 1575 4264 non
1598 4219 1639 4263 66
1670 4198 1757 4265 libro

421 4302 544 4386 scripto
566 4298 709 4365 Plinium
736 4299 902 4385 accepisse,
935 4301 993 4366 sed
1024 4322 1064 4366 66
1086 4300 1230 4367 11661661
1260 4302 1360 4385 ipsius
1391 4324 1455 4370 ore.
1502 4324 1576 4369 num
1606 4303 1687 4387 quin
1718 4323 1758 4369 eo

419 4407 626 4475 familiariter
647 4425 725 4472 6666
747 4406 799 4487 611,
824 4407 878 4474 rix
900 4406 1035 4474 dubium
1058 4414 1118 4475 661.
1141 4413 1279 4492 uterque
1302 4410 1387 4477 enim
1409 4411 1497 4495 apud
1528 4412 1757 4495 imperatorem

421 4515 528 4600 gratia
549 4511 690 4579 valebat.

528 4620 562 4686 in
585 4616 673 4686 coloe
695 4618 809 4701 paucis
824 4618 1013 4689 absolvendi
1027 4624 1104 4688 sunt
1119 4619 1314 4688 Domitius
1334 4620 1505 4691 Oorbulo
1520 4627 1554 4689 61
1569 4622 1759 4691 Claudius

531 4885 552 4953 ¹)
570 4882 712 4952 Eugenius
726 4880 800 4937 Oder
818 4881 920 4939 Philol.
939 4883 1029 4954 suppl.
1045 4884 1104 4939 VII
1122 4885 1192 4941 1899
1211 4902 1239 4955 p.
1258 4885 1311 4941 292
1330 4884 1392 4940 adn.
1406 4886 1441 4941 84
1454 4890 1485 4941 61
1497 4886 1619 4943 Senecae
1637 4887 1758 4957 aliquem

421 4972 514 5029 locum
528 4971 659 5029 11661666
677 4970 800 5027 tribuere
817 4972 915 5042 possit,
933 4972 1015 5027 huius
1034 4990 1104 5043 opus
1122 4973 1201 5028 annis
1221 4974 1256 5029 62
1274 4977 1303 5028 61
1321 4975 1356 5030 63
1374 4977 1556 5043 compositum
1574 4994 1634 5032 esse
1646 4977 1758 5034 conicit.

421 5080 492 5133 quae
509 5062 604 5133 opinio
621 5078 721 5131 parum
738 5060 892 5131 probabilis
911 5065 961 5118 661.
