4275 6025
1083 706 1127 770 28

437 917 539 982 Hiera
547 917 583 1001 ¹).
628 916 682 984 hic
705 937 764 982 cur
779 915 858 981 Meli
880 916 1011 983 nomina
1030 916 1072 983 ed
1088 916 1181 981 illum
1196 914 1343 982 libellum
1358 914 1553 997 referentur,
1577 915 1776 1000 reliqueram

436 1022 619 1089 insularum
640 1022 772 1089 aliunde
794 1022 899 1106 petita
921 1042 992 1088 0000
1015 1020 1173 1104 dicantur,
1203 1021 1354 1106 equidem
1379 1042 1444 1088 000
1465 1022 1569 1089 video.
1607 1027 1778 1107 praeterea

438 1130 551 1203 eodem
575 1136 724 1215 spectare
746 1129 897 1194 videntur
919 1129 1014 1195 hasa:

544 1241 577 1319 4,
590 1241 633 1305 54
657 1233 857 1320 Cephallania
879 1236 1031 1318 quondam
1053 1232 1195 1298 Melaena
1217 1234 1309 1302 dicta.

543 1341 709 1429 Zacynthos
732 1342 895 1426 aliquando
916 1340 1068 1426 appelhtta
1091 1339 1199 1425 Hyrie.

546 1452 579 1531 4,
592 1453 634 1519 58
662 1446 839 1534 Cythera..
863 1458 950 1513 antea
973 1448 1148 1537 Porphpm'c
1169 1447 1332 1533 appellata.

544 1560 577 1638 4,
590 1560 633 1626 57
656 1557 778 1641 Arpina
794 1602 826 1620 ..
851 1566 920 1619 ante
947 1554 1065 1619 Oenone
1086 1557 1221 1623 00011010.

497 1674 498 1679 ’
544 1668 576 1742 4,
590 1664 632 1733 65
655 1661 790 1747 Siphnus
813 1673 880 1725 ante
901 1662 1041 1747 Meropia
1063 1672 1091 1725 et
1113 1663 1188 1725 Act'c
1210 1660 1374 1748 appellata.

541 1774 574 1852 4,
588 1772 630 1841 69
653 1770 704 1833 100
720 1816 754 1833 ..
779 1779 866 1832 anna
890 1768 1038 1831 Phoenice
1061 1768 1222 1854 appellata.

542 1880 574 1958 4,
587 1878 630 1944 72
653 1875 909 1962 Peparethum..
933 1876 1086 1961 procudam
1107 1874 1265 1943 Ercoenum
1286 1876 1409 1944 dictam.

543 1988 574 2060 4,
588 1984 630 2051 93
655 1981 843 2046 Achillea..
867 1982 969 2045 cadem
991 1980 1090 2045 Leuce
1111 1992 1139 2044 01
1161 1981 1309 2045 Macaron
1332 1980 1483 2067 appellata
1491 1979 1527 2062 ²)

545 2091 651 2167 5131
676 2086 829 2171 Dionysia
849 2089 940 2172 priua
966 2085 1112 2151 Charaeta
1134 2089 1226 2152 dicta.

545 2196 655 2275 5,133
682 2190 770 2257 Casas
792 2194 894 2259 Achae
916 2195 998 2274 oh'm,
1029 2192 1153 2279 Nmpros
1174 2194 1344 2281 Porphyris
1366 2205 1457 2259 antea
1478 2196 1570 2274 dicta,
1602 2194 1642 2262 01.
1666 2198 1779 2276 5,134

438 2298 575 2385 Nisyron
597 2321 673 2385 quae
695 2300 864 2386 Porphyris
883 2312 971 2366 antea
995 2303 1078 2365 dicta
1100 2312 1151 2365 est.

544 2405 659 2472 deinde
682 2405 722 2472 de
745 2409 855 2485 5137
885 2407 1002 2471 Telhaa
1025 2430 1119 2494 quam
1133 2407 1189 2470 ah'r'
1202 2406 1408 2492 Daphnusam
1424 2406 1556 2469 00011001
1569 2405 1778 2475 dubitaverit.

439 2513 497 2580 sed
519 2533 583 2578 uon
606 2512 714 2578 aliene
735 2519 812 2579 0001
825 2512 921 2580 haec:

545 2623 652 2700 5151
676 2618 908 2705 Elaphonncous
925 2668 959 2685 ..
983 2621 1087 2683 cadom
1110 2617 1224 2683 Neuris
1246 2630 1274 2683 et
1294 2620 1497 2683 Proconnesus
1518 2621 1607 2686 dr'cta.

545 2726 683 2812 denique
706 2725 844 2792 fumasse
864 2725 1009 2792 conferre
1025 2726 1102 2792 11001
1123 2730 1155 2809 3,
1168 2730 1210 2796 93
1226 2725 1352 2812 Lipara
1367 2775 1375 2791 .
1393 2775 1401 2792 .
1427 2728 1507 2790 dicta
1530 2750 1551 2789 a
1565 2726 1686 2814 Inparo
1701 2751 1779 2814 repe,

440 2835 494 2921 qni
525 2836 658 2897 succeseit
687 2833 789 2907 Aeolo,
826 2844 914 2897 antea
938 2834 1103 2919 Melopurn‘s
1136 2834 1182 2897 vel
1205 2833 1367 2918 Melipunh
1392 2836 1530 2904 vocitata.
1582 2855 1778 2920 quamquam

440 2939 480 3009 01.
505 2938 615 3009 Strab.
642 2944 704 3010 175
728 2936 748 3028 ἡ
771 2938 955 3027 Λιπάρα..
978 2936 1124 3005 10010ῖο0
1148 2939 1183 3005 δὲ
1205 2939 1360 3029 πρότερον
1382 2940 1582 3024 Μελιγουνίς.

544 3053 632 3113 certe
669 3068 733 3113 non
771 3046 837 3114 huc
873 3049 1027 3132 pertinet:
1064 3051 1095 3130 6,
1107 3052 1150 3118 32
1185 3046 1357 3113 Chalceritts
1391 3071 1485 3133 quam
1521 3045 1633 3112 Graan·
1664 3048 1779 3114 Asiam

440 3156 583 3218 dicerunt
607 3155 756 3241 Martique
777 3178 897 3219 samam
919 3166 947 3220 et
967 3158 999 3219 e'n
1022 3178 1057 3220 ea
1080 3156 1208 3220 uolucres
1230 3178 1298 3218 cum
1313 3156 1433 3219 aduenis
1447 3176 1599 3241 pupnasse
1612 3157 1781 3240 pinnarum

440 3263 510 3326 tenc.
556 3282 661 3347 neque
684 3263 770 3330 enim
791 3263 826 3328 in
849 3267 940 3330 sexto
963 3262 1047 3330 libro
1070 3262 1158 3329 illius
1173 3262 1275 3329 libelli
1289 3262 1355 3328 elia
1370 3268 1500 3328 exstent
1521 3262 1781 3346 vestigiumque

441 3369 580 3436 nominis
603 3374 731 3435 tantum
754 3371 892 3437 mutatio
915 3368 1090 3437 indicatur,

547 3473 672 3542 Graece
695 3497 768 3542 eum
783 3475 1000 3561 conscriptum
1016 3475 1115 3541 fuisse
1129 3473 1367 3541 Kentenichius
1382 3477 1515 3559 propter
1536 3476 1647 3557 4120
1670 3478 1781 3540 000001

441 3579 697 3648 Oehmiahenum
719 3580 894 3668 00001001).
940 3581 1174 3648 verbosantem
1202 3585 1278 3646 0001
1308 3579 1405 3646 haee:
1433 3590 1553 3643 000000·
1575 3577 1715 3666 (Gades)
1741 3579 1783 3643 01

440 3686 566 3776 Isphom
588 3698 616 3751 et
636 3687 795 3751 Phanote
810 3686 954 3772 Eapmec,
980 3710 999 3749 a
1027 3687 1147 3750 Timaeo
1169 3696 1196 3749 et
1209 3684 1312 3750 Sileno
1332 3686 1548 3772 Aphrodhc'as,
1572 3686 1610 3748 ab
1632 3687 1782 3771 indipcm's

440 3793 576 3862 Iunonis.
622 3795 767 3858 maiorem
794 3792 933 3856 Timaeus
955 3793 1146 3856 Patimueam
1173 3793 1311 3879 aputct'e
1332 3793 1488 3856 vocitatam
1511 3794 1564 3872 ait,
1587 3794 1679 3856 nostri
1706 3793 1782 3855 Tar·

441 3909 519 3964 tecon
542 3899 706 3985 appellant,
730 3901 826 3964 Poeni
852 3896 961 3983 (100110,
993 3901 1036 3962 ita
1058 3898 1180 3961 Punica
1209 3899 1312 3984 h'npua
1335 3919 1456 3984 saepem
1487 3898 1682 3982 cipnificamc.
1727 3897 1782 3964 hic

440 4029 505 4073 000
527 4012 616 4073 reete
639 4006 703 4072 diei
718 4006 897 4072 affirmant:
921 3989 1040 4069 nostri
1066 4005 1207 4070 Tarteson
1223 4005 1390 4093 appellant:
1415 4003 1456 4072 01.
1480 4006 1546 4083 3,7
1566 4001 1684 4068 Carteia
1705 4001 1781 4067 Tar-

441 4123 557 4178 100000
584 4109 706 4176 Graecis
737 4113 817 4175 dicta
840 4110 943 4198 (Mela
966 4113 1074 4194 896).
1119 4111 1231 4195 itaque
1259 4111 1400 4176 Plinium
1430 4109 1634 4195 neglegentia
1664 4111 1784 4173 nostri

442 4219 620 4303 scripsisse,
647 4217 702 4284 ubi
729 4215 872 4284 Graecus
904 4217 1010 4282 dicere
1038 4217 1212 4285 debuisset.
1259 4225 1295 4284 01
1316 4217 1424 4284 hercle
1446 4215 1537 4283 nullo
1564 4216 1635 4282 1000
1664 4236 1780 4300 prono·

441 4322 583 4389 minibus
606 4346 670 4387 nos
693 4329 726 4389 01
748 4335 869 4387 noster
890 4324 955 4390 alio
978 4345 1075 4390 00000
1097 4325 1241 4390 Plinium
1263 4325 1313 4391 uti
1335 4325 1398 4390 nisi
1421 4325 1462 4390 de
1483 4323 1642 4390 Romanis
1664 4323 1780 4390 merito

443 4426 681 4496 Oehmiehenus
705 4427 787 4493 dixit
795 4428 834 4516 4).
880 4429 941 4495 hoa
963 4450 1027 4495 uno
1050 4451 1124 4496 eum
1147 4451 1280 4496 errasse.
1326 4451 1367 4496 00
1393 4430 1497 4496 multa
1524 4430 1612 4514 apud
1634 4429 1780 4495 Plinium

444 4533 587 4600 stultitia
609 4532 661 4600 vel
683 4534 830 4602 socordia
852 4555 919 4602 0000
941 4541 1078 4621 peecata
1100 4537 1174 4621 quis
1195 4542 1246 4602 001
1268 4536 1326 4621 qui
1349 4534 1464 4621 neget?
1509 4535 1567 4602 sed
1590 4557 1663 4602 eum
1679 4556 1718 4601 00
1733 4534 1781 4600 in·

442 4639 630 4722 diligentiae
653 4642 856 4725 processisse,
884 4649 921 4708 ut
947 4642 1005 4709 ubi
1026 4643 1115 4728 apud
1138 4640 1301 4710 Graecum
1324 4637 1602 4728 0001000οἦ000
1625 4641 1677 4707 vel
1707 4641 1780 4708 sim.

552 4816 574 4885 ¹)
593 4815 629 4872 01.
648 4817 673 4885 2,
684 4815 744 4872 202.

553 4903 573 4972 ²)
593 4901 628 4956 de
646 4902 699 4960 hoc
717 4904 778 4961 loeo
796 4905 832 4961 cl.
851 4906 923 4961 inire
940 4926 968 4977 p.
987 4909 1031 4965 78.

552 4993 573 5062 ³)
592 4990 667 5048 Plin.
686 4991 763 5050 seua
784 4996 854 5052 1880
871 5012 899 5064 p.
919 4995 944 5050 8.

549 5080 575 5149 ⁴)
592 5080 667 5135 Aeta
684 5095 740 5136 soa.
758 5079 835 5152 Ilipa.
854 5081 902 5138 111
920 5083 990 5140 1873
1009 5100 1036 5153 p.
1055 5085 1118 5139 427.
