4275 6025
1063 708 1128 773 128

424 918 537 985 eadem
567 942 627 987 nos
653 925 740 985 recte
771 918 943 1001 indagasse
974 924 1224 984 consentaneum
1252 921 1312 984 est.
1366 917 1493 983 accedit
1522 919 1612 1001 quod
1634 919 1765 1004 singula

424 1045 555 1111 qnoque
585 1026 749 1111 permulta
780 1025 822 1092 ad
853 1025 989 1091 eundem
1021 1031 1186 1091 auctorem
1217 1023 1340 1089 referre
1369 1023 1456 1103 licet,
1498 1025 1534 1090 id
1571 1026 1661 1109 quod
1697 1028 1763 1093 iam

424 1133 535 1198 multis
550 1132 757 1199 observatum
773 1137 839 1198 cst:
863 1132 904 1199 cf.
921 1131 1152 1211 Reitzenstein,
1175 1130 1315 1196 Hermes
1337 1133 1381 1199 20
1397 1134 1510 1215 (1885)
1524 1154 1558 1216 p.
1574 1136 1761 1213 ott—551,

423 1239 480 1322 qui
496 1238 595 1305 Festo
618 1238 820 1325 potissimum
843 1238 962 1305 collato
977 1238 1179 1304 Vamonmna
1201 1236 1376 1319 indagavit,
1393 1235 1524 1303 Smter
1538 1240 1596 1322 qui
1611 1240 1645 1304 in
1660 1261 1763 1324 quae·

423 1344 582 1411 stionibus
598 1345 812 1415 Varronianis
836 1345 925 1427 (diss.
942 1344 1087 1413 Berolini
1111 1346 1210 1426 1893)
1233 1344 1352 1427 passim
1376 1343 1417 1408 de
1435 1343 1584 1410 Varrone
1606 1351 1640 1411 et
1654 1345 1762 1413 Plinio

423 1452 500 1534 egit,
536 1450 696 1519 Geffcken
706 1452 732 1539 ¹)
764 1454 822 1537 qui
852 1451 978 1517 Timaei
1013 1451 1194 1518 doctrinam
1220 1471 1280 1534 per
1306 1449 1487 1518 Varronem
1520 1451 1562 1517 ad
1596 1452 1763 1520 Romanos

421 1558 615 1623 translatam
648 1580 718 1624 esse
744 1558 864 1627 docuit.
912 1580 952 1623 ex
983 1555 1100 1641 quibus
1132 1555 1237 1621 multa
1267 1554 1349 1620 adeo
1375 1574 1449 1620 oum
1476 1557 1549 1640 ipsa
1575 1564 1683 1623 terrae
1707 1558 1761 1625 de

422 1663 596 1747 scriptione
626 1665 808 1748 cohaerent,
840 1673 877 1731 ut
906 1663 949 1731 ab
980 1684 1020 1729 ea
1049 1663 1213 1747 segregari
1239 1668 1412 1745 nequeant.
1457 1686 1558 1730 unum
1579 1665 1632 1731 hic
1653 1666 1759 1732 locum

422 1770 521 1835 nolim
543 1773 812 1856 praetermittere,
836 1771 876 1838 ci.
902 1770 985 1837 Plin.
1010 1776 1043 1848 4,
1056 1772 1101 1840 68
1123 1790 1197 1834 cum
1216 1766 1329 1835 solino
1359 1776 1412 1851 11,
1426 1773 1481 1839 80.
1526 1794 1602 1838 nam
1628 1771 1760 1839 Solinus

421 1882 592 1961 postquam
623 1884 654 1954 4,
665 1881 709 1949 68
739 1878 911 1962 exscripsit
937 1882 971 1941 et
994 1875 1157 1959 quaedam
1180 1895 1221 1939 ex
1242 1879 1274 1962 4,
1286 1879 1327 1944 51
1351 1873 1407 1942 fin.
1430 1874 1611 1960 admiscuit,
1635 1880 1758 1964 pergit:

421 1984 484 2047 vau
514 2008 584 2069 erqo
614 1983 710 2048 Varro
733 1984 859 2047 Icarum
884 1982 987 2048 Cretan
1017 1982 1060 2045 itt
1088 1982 1219 2045 interibat
1241 1980 1401 2067 naufragi>
1422 1993 1450 2046 ct
1470 1985 1507 2047 da
1529 1985 1609 2048 acite
1630 1985 1759 2049 hminis

421 2092 582 2175 inpositum
604 2113 709 2155 oramen
732 2091 802 2157 beo.
848 2090 902 2156 hic
925 2110 1029 2155 nonne
1053 2090 1125 2173 ipsa
1150 2088 1312 2173 particula
1334 2111 1403 2173 crgo
1424 2090 1589 2156 iudicatur
1611 2090 1759 2159 Solinum

421 2196 647 2263 antecedentia
669 2219 796 2284 quoque
820 2198 962 2267 Varroni
986 2196 1129 2262 tribuere
1152 2193 1312 2262 voluisse?

533 2305 638 2371 multa
667 2307 769 2391 igitur
799 2306 935 2371 suadere
964 2304 1125 2386 videntur,
1156 2308 1193 2369 ut
1216 2303 1399 2372 Varronem
1426 2302 1536 2370 Plinio
1564 2306 1599 2371 in
1626 2305 1759 2391 Europa

421 2410 624 2477 meridionali
647 2435 707 2498 pro
730 2412 955 2497 descriptionis
979 2410 1191 2477 fundamento
1213 2409 1311 2475 fuisse
1326 2416 1519 2477 statuamus:
1543 2416 1644 2495 atque
1659 2413 1758 2477 etiam

420 2518 448 2582 si
478 2525 627 2585 auctores
656 2521 689 2585 iu
719 2519 878 2585 indicibus
908 2518 1065 2584 librorum
1095 2516 1155 2583 III
1185 2521 1218 2581 et
1247 2512 1299 2583 IV
1322 2516 1503 2581 nominatos
1526 2518 1758 2600 examinamus,

421 2622 501 2688 baec
523 2626 683 2691 sententia
706 2625 881 2691 stabilitur.
929 2645 1002 2689 uam
1019 2624 1195 2689 Atacinum
1210 2621 1341 2688 honoris
1356 2627 1484 2688 tanturn
1499 2644 1597 2689 causa
1612 2623 1758 2691 adlatum

420 2749 491 2795 8888
520 2729 553 2793 ἰιι
584 2728 740 2796 librorum
769 2729 1059 2815 geographicorum
1089 2726 1259 2810 indicibus,
1290 2747 1354 2792 non
1384 2728 1479 2812 qnasi
1500 2726 1628 2795 Plinius
1653 2729 1758 2796 multa

420 2835 469 2901 illi
499 2834 626 2924 debeat,
658 2837 833 2903 communis
864 2836 972 2920 opinio
1002 2840 1059 2899 est.
1105 2832 1246 2917 Nepotis
1275 2837 1385 2898 antem
1409 2838 1443 2898 et
1465 2831 1502 2899 Τ.
1525 2832 1600 2900 Livi
1621 2836 1757 2920 uestigia

419 2963 494 3008 cum
516 2944 550 3008 in
573 2944 620 3009 eis
642 2942 792 3028 partibus
814 2940 972 3007 librorum
997 2938 1057 3005 III
1080 2945 1113 3004 et
1135 2938 1188 3007 IV
1211 2938 1424 3018 inveniantur,
1448 2959 1533 3022 quae
1555 2961 1577 3006 a
1598 2941 1757 3027 periegesi

419 3050 545 3134 reliqua
575 3050 699 3116 alienae
730 3055 816 3132 snut,
847 3051 877 3116 ei
908 3055 1000 3115 extra
1030 3048 1252 3134 quaestionem
1280 3047 1379 3131 positi
1404 3053 1488 3117 sunt
1535 3053 1607 3114 tum
1629 3048 1756 3134 Hygini

418 3179 499 3243 opus
533 3159 567 3224 in
608 3159 684 3224 solis
725 3158 850 3224 Italicis
891 3156 1026 3223 urbibus
1072 3154 1272 3221 versabatur.
1325 3153 1447 3219 Melam
1488 3155 1627 3238 deniqne
1668 3157 1756 3223 Plini

417 3264 540 3331 fontem
569 3265 759 3349 primarium
788 3285 853 3330 non
884 3285 952 3330 esse
982 3270 1129 3348 apparet.
1182 3267 1286 3328 restat
1307 3260 1348 3331 Ιι.
1371 3261 1472 3328 Vetus
1503 3262 1544 3327 de
1570 3284 1635 3346 quo
1657 3265 1754 3348 plane

419 3371 465 3437 nil
495 3371 622 3437 scimus.
677 3371 734 3436 sed
764 3391 838 3436 eum
868 3391 932 3436 non
961 3370 1098 3454 largiter
1127 3368 1278 3435 aPlinio
1301 3367 1482 3433 consultum
1505 3389 1574 3434 esse
1596 3371 1755 3454 spondere

417 3476 531 3542 ausim.
585 3497 662 3542 nam
685 3475 857 3542 Fabricius
879 3474 1004 3541 Tuscus
1033 3477 1067 3540 in
1098 3474 1189 3539 libris
1219 3473 1279 3540 111
1301 3479 1336 3538 et
1358 3472 1410 3543 IV
1432 3475 1563 3558 quidem
1588 3476 1754 3544 adhibitus

417 3589 476 3662 est,
501 3582 529 3648 si
550 3580 672 3648 indices
695 3583 870 3666 sequimur,
895 3582 953 3647 sed
973 3581 1057 3647 idem
1073 3581 1108 3646 in
1123 3580 1156 3650 V
1171 3579 1247 3646 libri
1262 3579 1369 3645 indice
1384 3578 1592 3647 desideratur.
1624 3589 1754 3670 exstant

418 3695 524 3756 antem
550 3690 584 3755 in
607 3711 645 3756 eo
667 3690 750 3758 libro
773 3689 876 3756 multa
900 3711 983 3774 quae
1006 3688 1141 3754 eandem
1164 3709 1262 3773 quam
1285 3687 1437 3772 Europae
1458 3688 1677 3755 meridionalis
1699 3688 1754 3755 de-

418 3795 550 3880 scriptio
580 3795 720 3861 indolem
751 3816 829 3880 pree
859 3817 894 3862 se
928 3795 1048 3863 ferunt.
1106 3794 1287 3860 Arruntius
1320 3815 1395 3860 vero
1428 3799 1462 3859 et
1495 3793 1635 3861 Sebosus
1666 3795 1754 3861 inter

417 3903 528 3987 quarti
550 3902 626 3967 libri
648 3903 747 3969 fontis
770 3903 1004 3972 desiderantur.
1051 3901 1225 3967 Mucianea
1246 3906 1356 3966 autem
1378 3908 1492 3985 postea
1517 3902 1639 3967 inserta
1666 3908 1751 3968 suut.

417 4031 455 4076 ac
484 4030 524 4076 ne
557 4031 630 4075 eum
661 4009 792 4094 quidem
815 4016 981 4075 auctorem
1005 4030 1100 4094 quem
1124 4007 1213 4074 Mela
1242 4007 1422 4091 exscripsit,
1449 4007 1641 4092 primarium
1663 4007 1752 4074 Plini

416 4115 538 4183 iontem
568 4115 668 4183 fuisse
697 4114 810 4181 subtili
835 4113 1044 4199 inquisitione
1065 4114 1232 4180 docuimus
1255 4114 1311 4182 ubi
1334 4113 1375 4180 de
1397 4115 1485 4181 Mela
1507 4116 1641 4200 egimus.
1687 4117 1752 4182 tria

416 4243 457 4288 ex
490 4244 606 4306 magno
640 4223 815 4290 latinorum
849 4229 1017 4289 auctorum
1051 4242 1185 4288 numero
1219 4227 1345 4288 restant
1373 4223 1517 4288 nomina:
1554 4223 1599 4291 M.
1631 4221 1751 4307 Varro,

416 4328 461 4397 M.
475 4328 636 4414 Agrippa,
653 4328 744 4396 divus
760 4329 943 4415 Augustus,
960 4351 1098 4413 quorum
1109 4349 1194 4394 unus
1210 4328 1348 4412 quisque
1359 4334 1529 4413 patronum
1540 4335 1677 4396 nanctus
1688 4336 1749 4397 888.

416 4434 474 4500 sed
490 4435 658 4518 Augustas
681 4441 793 4520 postea
816 4437 944 4502 demum
966 4436 1009 4502 ab
1032 4437 1102 4521 ipso
1117 4434 1225 4502 Plinio
1247 4435 1360 4501 addita
1381 4440 1467 4501 sunt.
1505 4436 1617 4520 itaque
1639 4438 1680 4504 lis
1700 4444 1751 4505 est

414 4543 501 4608 iuter
523 4542 705 4611 Varronem
732 4550 765 4610 et
789 4543 984 4629 Agrippam.
1030 4550 1206 4628 utrumque
1232 4548 1341 4610 autem
1363 4565 1384 4609 a
1405 4541 1514 4610 Plinio
1535 4543 1607 4627 ipso
1629 4543 1751 4611 lectum

414 4669 485 4714 osse
507 4653 606 4734 atque
629 4648 797 4735 Agrippae
820 4671 885 4717 non
907 4651 1062 4733 tabulam,
1088 4651 1146 4717 sed
1169 4650 1414 4717 commentarios
1438 4650 1468 4714 ei
1489 4655 1621 4733 praesto
1647 4650 1748 4719 fuisse

415 4756 447 4820 in
478 4754 610 4822 exordio
636 4757 742 4840 operis
772 4759 987 4842 exposuimus.
1033 4758 1163 4842 utrique
1194 4757 1297 4822 multa
1318 4754 1462 4821 Plinium
1486 4754 1603 4822 debere
1625 4778 1666 4823 ne
1688 4778 1748 4843 ego

413 4861 545 4946 quidem
575 4883 613 4929 eo
647 4861 778 4930 infitias.
824 4869 934 4931 tamen
969 4886 989 4931 a
1016 4865 1162 4930 Varrone
1196 4884 1270 4928 eum
1303 4883 1373 4929 esse
1398 4861 1590 4947 profectum,
1618 4883 1683 4930 non
1705 4863 1748 4930 ab

524 5091 546 5163 ¹)
568 5089 697 5149 iimcior'
716 5090 886 5164 deograpbic
903 5090 950 5148 das
968 5090 1100 5164 Wcstcus,
1119 5090 1220 5149 Philol.
1238 5089 1352 5149 Unters.
1369 5089 1447 5148 xm
1464 5092 1546 5149 1892.
