4275 6025
989 743 1200 842 -.aa

427 951 470 1018 ad
497 955 755 1038 promunturium
779 953 973 1038 Hesperium
1007 953 1212 1037 navigatione
1246 953 1372 1019 dierum
1405 974 1444 1019 ac
1476 954 1619 1018 noctium
1653 952 1764 1018 decem

427 1059 622 1141 pervenitur.
668 1059 722 1124 hic
752 1078 827 1124 vero
861 1057 904 1123 ab
935 1057 1048 1122 eodem
1076 1059 1352 1142 mearum>
1367 1059 1392 1145 ¹)
1426 1060 1591 1145 quadridui
1622 1081 1764 1144 maman-

427 1165 541 1226 turium
571 1166 651 1250 quod
680 1163 820 1250 Hesperu
859 1161 950 1228 Gerar
980 1175 1100 1227 oocotm
1130 1163 1244 1230 abesse
1274 1164 1404 1231 dicitur.
1460 1164 1577 1248 quibus
1599 1166 1634 1230 in
1655 1163 1763 1231 verbis

426 1277 555 1353 praeter
577 1270 674 1354 spatii
697 1269 917 1336 diversitatem
945 1270 1075 1335 nomina
1098 1291 1227 1354 quoque
1250 1268 1378 1336 diversa
1399 1270 1494 1336 velim
1516 1271 1762 1337 animadvertas.

543 1375 683 1461 denique
706 1376 832 1444 insulae
846 1376 1061 1444 absolvendae
1076 1383 1161 1457 sunt,
1179 1399 1264 1461 quae
1279 1400 1311 1441 eo
1322 1376 1349 1462 ²)
1365 1380 1454 1447 amri,
1470 1378 1502 1444 h.
1516 1399 1543 1443 e.
1557 1376 1762 1460 Aethiopico,

427 1489 726 1550 commemorantur.
773 1504 811 1549 ac
834 1484 874 1549 de
898 1485 943 1548 eis
967 1505 1050 1567 quae
1073 1504 1176 1568 usque
1198 1484 1240 1549 ad
1263 1483 1384 1567 llphori
1407 1484 1625 1550 testimonium
1648 1485 1761 1565 6,199

427 1594 619 1668 tractantur,
644 1591 739 1674 plane
761 1591 879 1656 nescio.
922 1599 1036 1674 postea
1051 1588 1210 1657 Sebosum
1235 1590 1328 1674 large
1343 1590 1526 1657 adhibitum
1550 1611 1619 1657 esse
1641 1590 1762 1656 conieci
1853 1611 1856 1618 ¹

425 1717 457 1778 p.
481 1699 535 1763 44.
581 1696 674 1761 cuius
707 1697 904 1781 provinciam
938 1716 960 1761 a
993 1694 1110 1780 Polybi
1138 1696 1323 1780 fragmento
1352 1695 1494 1780 incipere
1524 1695 1675 1778 arbitror,
1708 1717 1761 1760 ex·

426 1801 515 1866 cluso
538 1802 691 1868 nimirum
713 1802 852 1886 Nepotis
874 1802 1064 1886 fragmento,
1091 1801 1178 1886 quod
1201 1802 1243 1868 ab
1265 1803 1358 1867 initio
1381 1822 1453 1867 cum
1472 1801 1661 1887 Polybianis
1684 1823 1760 1868 oon-

424 1907 572 1973 iunctum
595 1929 659 1974 non
682 1908 782 1973 fuisse
805 1908 914 1974 monui
935 1930 968 1991 p.
987 1910 1039 1977 17.
1082 1929 1121 1973 ao
1136 1906 1258 1973 Seboso
1281 1907 1369 1973 favet
1391 1906 1568 1974 similitudo
1591 1909 1760 1993 quaedam,

425 2034 508 2096 quae
530 2014 702 2080 intercedit
724 2016 809 2081 inter
831 2014 974 2081 Plinium
998 2020 1031 2080 et
1053 2014 1173 2080 Melam
1196 2015 1240 2099 (3,
1259 2016 1324 2097 99),
1356 2014 1413 2080 sed
1442 2015 1491 2080 ita
1520 2022 1558 2080 ut
1581 2015 1673 2081 illum
1696 2037 1759 2080 non

427 2141 467 2184 ex
489 2126 621 2186 auctore
643 2143 663 2204 y
686 2120 831 2186 hausisse
853 2120 987 2186 eluceat.
1034 2142 1100 2204 qua
1123 2121 1163 2185 de
1185 2140 1222 2184 re
1245 2119 1285 2186 of.
1309 2142 1342 2204 p.
1366 2125 1462 2204 81sq.

536 2227 601 2292 iam
625 2226 775 2293 Africam
798 2226 978 2311 Asiamque
1001 2227 1207 2293 circumvecti
1230 2248 1352 2308 sumus,
1374 2227 1460 2311 quod
1484 2226 1601 2310 quibus
1624 2226 1758 2292 ducibus

424 2332 551 2398 Plinius
573 2332 687 2398 fecisse
710 2332 869 2413 videatur,
902 2333 1014 2417 paucis
1045 2330 1317 2416 comprehendere
1351 2331 1437 2396 baud
1469 2334 1623 2398 absonum
1645 2333 1755 2402 fuerit.

422 2441 522 2524 igitur
544 2447 716 2524 postquam
743 2441 777 2505 in
800 2440 1012 2506 Mauretaniis
1042 2444 1178 2523 propter
1208 2446 1331 2505 statum
1361 2446 1523 2504 terrarum
1552 2439 1651 2523 paulo
1682 2446 1756 2505 ante

423 2552 585 2610 mutatum
607 2547 820 2611 recentiorem
843 2545 968 2611 Plinius
992 2545 1173 2610 doctrinam
1197 2545 1344 2630 protulit,
1367 2565 1388 2608 a
1410 2543 1568 2610 Numidia
1590 2567 1693 2630 usque
1715 2547 1757 2611 ad

423 2651 557 2718 Africae
590 2651 687 2718 finem
720 2674 832 2719 rursus
855 2652 997 2722 Varroni
1031 2673 1075 2718 se.
1099 2651 1247 2730 credidit,
1281 2651 1510 2717 additamentis
1542 2673 1582 2718 ex
1604 2653 1757 2738 Agrippa

422 2758 559 2842 aliisque
582 2760 725 2825 adiectis.
773 2759 882 2828 Varro
913 2765 1021 2825 autem
1052 2760 1085 2823 in
1109 2759 1226 2824 Africa
1256 2780 1386 2824 cursum
1418 2762 1615 2826 contrarium
1639 2763 1754 2828 tenuit.

421 2865 508 2931 idem
530 2887 589 2950 per
612 2873 715 2932 totum
740 2889 820 2952 opus
843 2866 951 2932 Plinio
974 2872 1105 2951 praesto
1127 2866 1198 2931 fnit.
1245 2865 1301 2930 sed
1324 2866 1357 2930 in
1373 2864 1519 2950 Aegypti
1541 2867 1757 2951 descriptione

384 3002 387 3007 ·
421 2971 525 3038 Iubae
547 2973 739 3053 doctrinam,
763 2973 806 3039 ab
829 2974 894 3041 alio
917 2973 1072 3061 oblatam,
1101 2972 1239 3039 fortasse
1262 2994 1282 3038 a
1305 2970 1426 3039 Seboso
1449 2972 1532 3037 sicut
1553 2973 1753 3055 coniecimus,

421 3079 524 3146 noluit
547 3081 706 3148 omittere.
752 3102 791 3147 ac
817 3082 882 3147 iam
904 3082 1046 3147 Muciani
1069 3082 1254 3165 isidorique
1287 3081 1423 3164 vestigia
1453 3080 1529 3146 licet
1559 3102 1634 3147 rara
1657 3103 1755 3166 appa·

421 3191 503 3262 rent,
528 3208 665 3270 quorum
687 3189 865 3253 auctoritas
888 3194 1026 3269 augetur
1047 3186 1242 3272 procedente
1257 3210 1362 3273 opere,
1385 3195 1485 3273 atque
1499 3187 1587 3253 illius
1603 3188 1649 3253 eis
1664 3209 1755 3271 prae·

421 3291 533 3356 sertim
557 3291 636 3357 locis
659 3294 778 3376 quibus
801 3294 1036 3359 mediterranea
1058 3300 1252 3374 tractantur,
1280 3296 1333 3359 hio
1354 3316 1374 3359 a
1397 3291 1493 3380 Syria
1515 3294 1639 3377 largius
1662 3293 1753 3360 adhi-

420 3396 517 3462 betur
533 3402 760 3484 oontrarioque
775 3421 814 3465 ac
833 3400 949 3480 Varro,
965 3421 1104 3485 quocum
1119 3400 1245 3467 Plinius
1268 3402 1436 3479 consentit,
1459 3422 1558 3466 cursu
1572 3400 1651 3465 litus
1666 3399 1753 3484 legit.

419 3504 453 3567 in
477 3504 628 3570 interiore
651 3506 767 3571 deinde
790 3505 882 3589 Asia,
907 3527 1006 3589 quam
1029 3512 1062 3571 et
1077 3505 1185 3575 Varro
1208 3513 1242 3571 et
1257 3505 1402 3572 Isidorus
1418 3511 1532 3591 utpote
1552 3507 1753 3590 periegeseos

419 3614 566 3674 auctores
589 3611 694 3675 minus
717 3610 887 3692 diligenter
911 3620 1139 3698 exposuerunt,
1176 3618 1338 3679 recentem
1361 3613 1550 3697 largamque
1572 3612 1752 3679 doctrinam

418 3716 583 3798 praestitit
613 3716 794 3782 Mucianus.
841 3740 905 3802 quo
935 3724 1067 3785 auctore
1098 3717 1250 3785 Galatiae
1272 3719 1496 3804 Cappadociae
1519 3720 1752 3785 Armeniorum

419 3819 574 3887 Parthiae
590 3821 840 3905 Mesopotamiae
861 3822 1092 3909 descriptiones
1115 3832 1172 3891 aut
1194 3830 1282 3890 totae
1304 3830 1362 3890 aut
1385 3846 1425 3889 ex
1448 3831 1542 3909 parte
1556 3825 1752 3892 referuntur.

418 3928 539 3993 sedne
563 3928 745 3997 Varronem
769 3932 899 4013 quidem
922 3931 1047 3997 Plinius
1071 3933 1209 4016 sprevit:
1247 3954 1268 3997 a
1290 3930 1408 4016 Caspio
1432 3932 1517 3996 enim
1542 3934 1751 4016 mariusque

418 4036 460 4101 ad
484 4035 600 4101 Indiae
633 4036 731 4102 finem
764 4058 803 4103 ex
837 4039 909 4105 aliis
931 4060 1035 4123 pauca
1057 4039 1234 4104 adduntur.
1281 4038 1356 4104 bino
1387 4060 1490 4123 usque
1517 4037 1561 4103 ad
1584 4036 1750 4102 Persidem

418 4140 619 4209 Varroniano
642 4142 768 4209 Plinius
791 4145 895 4209 utitur
927 4145 1150 4228 descriptione,
1183 4145 1375 4229 interposita
1398 4141 1599 4210 Onesicritea
1626 4164 1645 4209 a
1668 4144 1750 4210 Iuba

417 4247 537 4315 oblata.
583 4249 678 4314 buius
709 4250 885 4315 auctoritas
916 4251 991 4316 inde
1021 4250 1198 4335 praevalet.
1245 4271 1320 4315 nam
1351 4251 1416 4315 iam
1447 4251 1480 4314 in
1515 4250 1750 4334 Mesopotamia

416 4361 546 4438 praeter
580 4354 767 4421 Mucianum
802 4362 835 4421 et
869 4356 1032 4423 Isidorum
1066 4357 1135 4421 eius
1170 4356 1306 4438 vestigia
1340 4362 1524 4435 cernuntur,
1564 4357 1597 4420 in
1622 4355 1749 4421 Arabia

417 4459 635 4545 Trogodytica
658 4460 836 4544 Aethiopia
858 4460 953 4527 modo
970 4461 1055 4527 Iuba
1070 4482 1111 4525 ex
1126 4459 1262 4538 Isidoro,
1287 4461 1382 4525 modo
1404 4460 1457 4525 hio
1480 4482 1520 4525 ex
1542 4460 1599 4525 illo
1622 4461 1749 4545 supple·

416 4575 480 4645 tur,
503 4588 701 4651 quamquam
725 4566 883 4635 Varronis
906 4569 1015 4634 tenuia
1038 4566 1200 4651 quaedam
1222 4565 1405 4650 fragmenta
1427 4588 1467 4631 ne
1490 4568 1523 4631 in
1546 4566 1597 4631 his
1616 4566 1748 4650 quidem

416 4674 564 4758 partibus
579 4673 704 4739 desunt.
751 4674 785 4737 in
808 4672 872 4738 fine
895 4680 1003 4739 autem
1019 4675 1125 4758 operis
1143 4672 1284 4739 Sebosus
1300 4671 1403 4737 Iubae
1419 4672 1600 4737 doctrinam
1616 4672 1746 4740 obtulit.

415 4778 553 4861 denique
585 4780 742 4845 claudunt
773 4780 938 4861 generales
970 4801 1148 4861 mensurae,
1195 4800 1279 4863 quae
1314 4778 1432 4863 quibus
1469 4779 1655 4845 auctoribus
1692 4780 1748 4844 ad-

522 4938 545 5007 1)
565 4937 605 4990 sic
623 4954 684 4990 cum
704 4938 813 4993 Dionile
830 4940 885 5008 4,2
906 4938 1089 4995 scribendum.

524 5026 543 5094 ²)
563 5040 709 5094 perperam
728 5024 919 5079 Detleisennm
938 5026 1087 5079 coniecisse
1106 5024 1167 5082 Eoo
1186 5027 1260 5081 mari
1278 5025 1386 5080 monuit
1403 5026 1535 5093 Wagner,
1554 5025 1747 5081 Erdbcecbrci·

415 5114 490 5186 bouq
508 5115 554 5171 dea
576 5114 763 5170 Timosthenes
779 5130 832 5170 aaa
850 5112 960 5171 thdm
978 5115 1048 5171 1888
1065 5131 1094 5184 p.
1107 5117 1141 5171 66
1160 5116 1195 5172 ct.
1209 5116 1322 5184 Bergan,
1341 5114 1410 5187 Frp.
1422 5114 1469 5170 das
1482 5114 1565 5171 Erat.
1580 5116 1650 5172 1888
1662 5134 1689 5185 p.
1703 5117 1746 5172 98.
