4275 6025
1011 718 1075 783 115

375 936 520 1015 apparet.
566 948 652 1014 qnae
685 948 836 993 mensura
869 926 913 994 ad
946 926 1185 997 Varronianam
1219 926 1406 994 divisionem
1440 926 1594 1008 refertur,
1644 950 1713 1016 quo

375 1036 531 1120 neglectis
564 1035 670 1120 Regio
704 1034 900 1120 Bruttioque
933 1035 1157 1120 promunturio
1187 1072 1232 1083 —
1262 1055 1345 1120 quae
1373 1034 1446 1102 loca
1475 1036 1508 1100 in
1539 1036 1711 1122 Agrippas

375 1142 648 1210 dimensuratione
679 1141 819 1208 valuisse
849 1141 1034 1227 videntnr¹)
1065 1180 1111 1191 -
1142 1142 1257 1208 Locris
1290 1142 1414 1227 primus
1436 1142 1589 1226 Europae
1620 1142 1712 1209 sinus

375 1248 560 1316 includitur.
606 1270 665 1317 nec
687 1250 793 1315 minus
815 1256 886 1315 arte
908 1270 981 1315 cum
1004 1250 1221 1334 descriptione
1244 1270 1320 1316 orae
1343 1270 1465 1316 conexa
1487 1256 1538 1315 est
1559 1270 1599 1315 ea
1620 1271 1709 1316 men·

375 1375 452 1421 aura
483 1377 550 1439 qua
578 1377 599 1421 a
629 1354 857 1441 Surrentinol)
889 1356 932 1422 ad
964 1354 1108 1424 Silerum
1138 1377 1266 1422 amnem
1285 1346 1407 1421 m
1425 1378 1457 1441 p.
1480 1360 1712 1440 computantur
1800 1438 1804 1445 .

376 1464 407 1541 3,
424 1464 478 1532 70.
524 1462 641 1528 deindo
670 1462 714 1528 ad
745 1463 1005 1547 promunturium
1039 1461 1266 1529 Surrentinum
1293 1462 1360 1526 sivo
1381 1460 1547 1529 Minervae
1569 1464 1712 1546 pertinet

374 1587 525 1633 mensura
556 1571 586 1648 3,
604 1572 661 1639 62:
692 1571 845 1653 nauigatio
874 1590 894 1631 c
927 1567 1038 1634 Cerceis
1068 1560 1114 1632 Π
1136 1570 1172 1633 de
1199 1558 1309 1631 L-XTX‘
1323 1577 1417 1653 patet.
1462 1589 1520 1634 cur
1549 1590 1627 1635 vero
1655 1571 1710 1637 hic

374 1674 572 1740 maritimum
605 1676 670 1741 iter
703 1674 873 1763 indicetur,
906 1675 939 1740 in
974 1675 1148 1759 propatulo
1182 1681 1245 1742 est:
1276 1674 1484 1740 Domitianus
1512 1676 1596 1740 enim
1623 1697 1709 1742 anno

374 1778 504 1846 demum
526 1802 557 1865 p.
583 1780 661 1849 Chr.
686 1784 728 1851 95
751 1782 838 1847 viam
860 1787 990 1865 praeter
1013 1780 1212 1866 Campaniae
1240 1802 1329 1847 oram
1358 1779 1532 1865 aperuit⁸).
1579 1781 1709 1850 Cerceis

373 1892 485 1953 autem
515 1908 682 1953 mensuras
712 1888 879 1953 terminari
911 1908 947 1954 eo
970 1888 1073 1971 magis
1095 1888 1273 1954 notandum
1296 1892 1354 1970 est,
1388 1887 1475 1972 quod
1497 1888 1531 1952 in
1554 1886 1709 1954 historica

374 2012 503 2077 quoque
533 1999 572 2059 ut
594 1994 642 2060 ita
664 1994 769 2060 dicam
792 1994 910 2059 Italiae
934 1994 1089 2060 divisione
1110 1994 1164 2060 bic
1185 1993 1398 2063 incidebatur.
1437 2012 1540 2078 nsque
1562 2014 1599 2059 eo
1623 1995 1708 2061 enim

373 2096 507 2165 Latium
530 2099 715 2184 pertinebat
736 2100 916 2183 antiquum,
940 2120 1039 2183 quam
1062 2101 1250 2167 divisionem
1273 2100 1399 2166 Plinius
1421 2102 1455 2165 in
1477 2121 1553 2167 orae
1568 2099 1708 2187 descrip-

373 2204 460 2269 tione
482 2210 611 2270 secutus
634 2211 697 2271 est:
721 2209 753 2289 3,
769 2210 812 2277 56
837 2205 966 2270 Latium
988 2209 1147 2294 αηιίριιωη
1169 2231 1189 2271 a
1217 2207 1317 2272 Tiberi
1342 2205 1470 2274 Ceroerbs
1496 2219 1644 2272 motum
1666 2220 1710 2273 eat

373 2332 413 2379 m.
436 2332 468 2395 p.
492 2308 525 2373 L
547 2314 741 2396 turpitudine.
787 2312 846 2379 bas
869 2314 968 2398 igitur
989 2335 1158 2381 mensuras
1182 2320 1216 2380 et
1237 2314 1322 2380 inter
1344 2335 1379 2380 se
1402 2319 1436 2379 et
1457 2335 1530 2379 cum
1549 2316 1707 2399 periegesi

373 2416 534 2483 artissime
561 2418 746 2484 coniunctas
777 2440 845 2485 esse
875 2427 1021 2504 apparet.
1068 2426 1195 2487 restant
1217 2428 1327 2487 antem
1349 2419 1448 2487 duae:
1476 2423 1506 2498 3,
1524 2423 1565 2489 51
1594 2421 1708 2486 Tiberia

374 2523 472 2585 amnes
495 2545 514 2586 a
535 2524 645 2587 Moero
670 2516 987 2613 CCHOEXHHp.
1013 2532 1045 2592 et
1069 2529 1100 2605 3,
1116 2528 1159 2595 49
1180 2536 1267 2613 patet
1284 2548 1337 2589 ora
1353 2525 1500 2611 Lipariae
1514 2527 1591 2591 inter
1605 2550 1708 2596 omme

378 2626 496 2691 Verum
519 2641 545 2693 et
568 2630 708 2695 Moeram
726 2623 843 2697 'effi
860 2656 896 2718 p.
942 2655 960 2699 e
983 2634 1100 2717 quibus
1121 2633 1212 2717 prior
1234 2631 1322 2716 quod
1337 2653 1359 2697 a
1373 2632 1483 2698 Tiberi
1505 2634 1620 2718 incipit
1641 2655 1706 2701 non

373 2737 552 2803 necessario
582 2738 626 2803 ad
658 2740 826 2822 regionum
858 2739 930 2806 finis
960 2744 1096 2825 spectat,
1129 2760 1268 2824 quarum
1294 2743 1364 2803 toto
1387 2738 1511 2822 periplo
1534 2741 1618 2806 ratio
1641 2762 1706 2807 non

374 2840 523 2911 babetur.
569 2864 645 2909 uam
668 2843 779 2910 Tiberi
801 2846 867 2911 iam
894 2852 970 2911 ante
992 2843 1180 2929 Augustum
1203 2844 1336 2910 Latium
1360 2844 1402 2910 ab
1426 2845 1562 2911 Etruria
1584 2846 1706 2913 disiun-

372 2948 520 3032 gebatur.
566 2950 599 3015 in
631 2950 776 3034 regiones
808 2958 917 3018 autem
940 2950 1111 3037 Augustus
1134 2949 1267 3017 Italiam
1289 2950 1463 3036 discripsit,
1494 2954 1706 3038 quamobrem

372 3075 484 3121 earum
505 3055 591 3120 inter
613 3055 787 3138 Augustae
809 3059 931 3122 mentio
952 3056 1001 3124 fit.
1047 3077 1151 3142 neque
1174 3057 1277 3140 igitur
1299 3058 1473 3142 quicquam
1496 3060 1625 3126 videtur
1647 3063 1705 3128 ob·

371 3167 470 3245 stare,
502 3162 673 3246 quominus
696 3163 852 3230 Etruriae
874 3185 1059 3231 mensuram
1090 3185 1165 3231 cum
1194 3163 1328 3247 reliquis
1362 3164 1600 3250 coniungamus.
1647 3168 1705 3233 sed

371 3267 533 3334 difficilior
556 3274 606 3335 est
628 3271 775 3354 quaestio
797 3271 838 3338 de
860 3272 964 3339 altero
987 3271 1051 3338 fine
1073 3272 1162 3338 illius
1184 3292 1363 3351 mensurae,
1392 3273 1450 3355 qui
1471 3272 1584 3340 Macra
1606 3274 1705 3342 fluvio

370 3375 652 3444 circumscribitur.
686 3377 774 3444 Mela
797 3380 882 3444 enim
897 3379 953 3462 qui
969 3379 1096 3464 oppidis
1113 3400 1211 3462 qnam
1226 3377 1333 3444 fluviis
1349 3384 1454 3444 terras
1469 3378 1562 3446 finire
1578 3381 1704 3466 maluit,

369 3481 497 3550 Lunam
513 3482 667 3568 Liguriae
690 3485 878 3571 adscripsit:
903 3489 933 3568 2,
947 3490 999 3555 72.
1036 3486 1071 3551 id
1092 3507 1168 3552 vero
1183 3487 1339 3570 oppidum
1357 3487 1391 3551 in
1407 3487 1558 3553 orientali
1572 3488 1704 3554 Macros

369 3592 441 3677 ripa
464 3593 562 3658 situm
585 3597 644 3658 est.
691 3597 800 3658 tamen
824 3594 906 3659 baec
927 3615 992 3659 non
1016 3593 1146 3658 omnino
1176 3593 1300 3659 diversa
1331 3599 1417 3662 sunt.
1462 3614 1538 3658 nam
1571 3594 1599 3658 si
1630 3596 1705 3679 quia

370 3699 489 3782 oppido
506 3697 603 3765 Luna
618 3700 773 3765 Etruriae
788 3700 1007 3786 Liguriaeque
1028 3699 1103 3766 finis
1125 3700 1328 3785 significavit,
1351 3701 1379 3766 is
1403 3701 1459 3784 qui
1483 3720 1556 3765 eum
1577 3707 1704 3768 mutato

369 3806 481 3872 ordine
503 3808 673 3891 exscripsit
681 3807 717 3890 ⁴),
749 3805 878 3872 Lunam
910 3807 1007 3873 etiam
1039 3807 1082 3873 ad
1104 3806 1274 3892 Liguriam
1304 3806 1427 3872 referre
1457 3807 1574 3890 potuit.
1620 3808 1704 3873 sicut

368 3911 457 3979 Mela
480 3917 510 3992 2,
524 3917 566 3984 57
590 3913 759 3998 Illyricum
782 3914 855 3980 finit
878 3915 997 3999 oppido
1019 3913 1171 3999 Tergesti
1192 3915 1341 3998 neglecto
1363 3912 1461 3979 fluvio
1483 3911 1657 3979 Formione
1665 3913 1701 3998 ⁶).

369 4019 409 4088 cf.
434 4021 531 4087 etiam
555 4021 691 4088 similem
716 4022 756 4087 de
779 4021 904 4088 Nicaea
925 4021 1158 4089 differentiam:
1181 4021 1267 4090 Plin.
1286 4025 1317 4099 3,
1331 4024 1374 4089 47
1397 4018 1487 4084 Mela
1508 4022 1539 4101 2,
1552 4021 1606 4088 76.
1644 4020 1702 4086 sed

369 4130 444 4191 utut
466 4126 528 4193 hoc
554 4149 624 4193 sese
655 4127 764 4210 habet,
800 4127 944 4194 Macram
975 4137 1040 4195 non
1069 4129 1252 4216 necessario
1281 4127 1324 4193 ad
1354 4127 1517 4211 regionum
1547 4125 1702 4191 terminos

368 4230 483 4298 referri
510 4253 549 4298 ex
572 4232 681 4300 Strab.
710 4237 776 4303 222
805 4234 922 4299 elucet:
954 4233 1074 4317 μεταξύ
1101 4232 1138 4298 δὲ
1159 4232 1286 4320 Λούνης
1315 4231 1370 4295 καί
1392 4234 1491 4318 Πίσης
1521 4227 1539 4296 ὁ
1567 4229 1703 4318 Μάκρας

368 4333 437 4402 ἐστὶ
459 4341 575 4422 χωρίον
596 4327 623 4423 ᾧ
646 4343 764 4426 πέρατι
785 4341 841 4426 τῆς
860 4343 1032 4426 Τυρρηνίας
1054 4339 1110 4404 καί
1140 4339 1197 4426 τῆς
1217 4343 1410 4424 Λιγυστικῆς
1440 4342 1608 4424 κέχρηνται
1638 4344 1703 4404 τῶν

479 4498 499 4567 ¹)
518 4497 553 4551 cf.
572 4499 598 4566 3,
610 4499 645 4552 43
667 4496 785 4570 Regium
808 4497 941 4569 oppidum
968 4497 1001 4553 irs
1027 4515 1120 4554 umam
1147 4498 1210 4554 eius·
1230 4497 1351 4568 (ltaliae)
1374 4496 1469 4568 eitum,
1497 4514 1516 4552 u
1542 4513 1594 4566 quo
1617 4498 1703 4554 veluti

368 4585 480 4642 eerrrlrle
497 4585 598 4656 incipit
609 4585 710 4656 fieres.

476 4673 498 4742 ¹)
516 4675 631 4745 respicit
648 4676 717 4731 haec
735 4694 790 4733 vox
808 4677 844 4731 sd
863 4677 888 4747 3,
899 4677 933 4733 62
945 4675 1111 4732 Sauream
1123 4694 1185 4733 mem
1193 4675 1393 4747 promunturio
1406 4675 1551 4731 Minervae
1562 4691 1617 4744 eqs.
1631 4693 1702 4745 quae

368 4778 435 4819 vero
453 4762 619 4833 interposita
637 4769 702 4820 sunt
720 4783 751 4820 ea
770 4769 819 4820 aut
841 4783 858 4820 a
876 4765 1063 4836 descriptione
1089 4783 1155 4821 orae
1173 4766 1264 4820 aliena
1282 4769 1311 4821 et
1328 4783 1345 4821 a
1362 4765 1454 4820 Plinio
1472 4762 1519 4818 hic
1537 4764 1702 4834 interposita

368 4855 417 4906 aut
434 4850 546 4906 omnino
564 4869 622 4908 non
641 4853 776 4908 Varronis
795 4858 868 4912 aunt.
1091 4851 1093 4854 ’

474 4941 495 5011 ”)
514 4939 570 4994 Dio
589 4940 663 4996 Ossa.
684 4943 727 5012 57,
740 4944 813 5010 14,1
834 4942 906 4998 Stat.
925 4942 991 4998 Silv.
1010 4943 1035 5011 l,
1048 4943 1074 4998 3.

474 5030 497 5099 ⁴)
515 5027 550 5084 cf.
571 5045 655 5098 supra
673 5047 707 5116 p·
719 5031 799 5100 80aq.

473 5118 497 5188 ⁵)
515 5115 551 5172 cl.
571 5133 656 5186 supra
673 5135 700 5187 p.
720 5118 763 5174 72.
