4275 6025
1027 732 1091 797 109

389 944 427 1028 (1.
451 946 538 1026 87,5
562 965 605 1013 m.
628 946 676 1028 p.)
699 937 768 1009 ἀπὸ
791 939 891 1029 ἄκρας
910 938 1087 1026 Ἰαπυγίας
1108 940 1164 1007 ἐπὶ
1188 940 1346 1027 Κεραύνια
1369 939 1427 1031 ὅρη
1452 947 1508 1032 τῆς
1527 938 1725 1032 liudem).

389 1049 462 1117 luce
495 1051 597 1135 igitur
630 1049 749 1115 elarius
782 1055 833 1115 551
867 1049 1030 1115 Adriatici
1065 1050 1164 1114 marie
1197 1070 1234 1115 ce
1268 1048 1325 1115 illa
1358 1071 1508 1117 mensura
1538 1051 1725 1136 significari.

389 1161 469 1221 tunc
490 1176 566 1222 vero
588 1176 654 1221 non
676 1175 696 1220 a
718 1153 853 1221 Lacinio
874 1156 1101 1239 promunturio
1124 1155 1167 1221 ad
1186 1153 1464 1223 Acroceraunium
1487 1157 1601 1237 currit,
1625 1157 1682 1224 aed
1704 1179 1725 1224 a

392 1259 582 1330 Sallentino.
627 1262 709 1328 duae
732 1262 832 1346 igitur
853 1263 995 1328 rationes
1019 1262 1251 1329 diversissimae
1273 1261 1327 1329 hie
1348 1283 1477 1349 quoque
1492 1263 1617 1331 Plinius
1640 1266 1726 1331 male

389 1367 552 1451 conflavit,
577 1370 625 1435 ita
640 1376 677 1435 ut
690 1369 733 1435 ab
749 1370 852 1437 altero
868 1376 1000 1435 auctore
1015 1370 1153 1450 initium,
1178 1369 1220 1435 ab
1235 1369 1339 1436 altero
1354 1367 1451 1436 finem
1467 1369 1557 1436 einue
1573 1378 1724 1437 numeret.

391 1476 520 1541 initium
543 1482 650 1541 autem
667 1474 812 1544 Varroni
835 1473 946 1541 deberi
968 1480 1056 1541 certo
1080 1474 1265 1541 testimonio
1287 1480 1416 1541 constet
1439 1479 1470 1558 3,
1483 1478 1537 1546 95.
1575 1477 1726 1563 iamque

391 1588 523 1647 auctore
544 1581 642 1647 tinem
665 1581 869 1647 constituerit
892 1578 1115 1665 quaerendum
1136 1586 1195 1646 551.
1229 1601 1294 1665 qua
1315 1582 1350 1646 in
1371 1602 1407 1647 re
1430 1602 1452 1647 a
1467 1584 1606 1650 nominis
1620 1584 1727 1651 forma

391 1688 633 1773 proficiscimur.
677 1688 766 1753 varie
789 1688 874 1753 enim
897 1687 970 1753 illos
993 1692 1119 1753 montes
1140 1686 1267 1753 Plinius
1295 1687 1465 1773 significat.
1511 1691 1726 1776 inperiegeei

390 1804 450 1863 aut
471 1801 596 1864 montes
620 1796 864 1862 Acroceraunia
885 1794 1037 1861 dicuntur
1060 1798 1104 1877 (3,
1119 1798 1192 1865 145.
1214 1799 1293 1879 4,1)
1323 1803 1383 1863 aut
1412 1798 1601 1883 simpliciter
1622 1797 1727 1864 Auro·

390 1905 543 1971 ceraunia
566 1906 610 1987 (4,
622 1910 655 1973 4.
668 1907 736 1987 52),
760 1924 825 1988 quo
840 1904 969 1970 nomine
984 1904 1018 1969 in
1033 1902 1189 1968 Isidoreia
1204 1922 1331 1988 quoque
1345 1905 1471 1971 Plinius
1484 1906 1591 1972 utitur
1607 1910 1639 1984 2,
1649 1909 1726 1975 244.

391 2011 547 2079 Ceraunii
569 2010 685 2077 deinde
707 2017 832 2077 montes
855 2014 921 2090 4,2
944 2031 1009 2095 quo
1038 2009 1080 2076 de
1108 2009 1178 2077 loeo
1210 2010 1296 2077 infra
1326 2012 1488 2096 agendum
1526 2012 1622 2100 5511).
1667 2012 1725 2079 aed

391 2118 649 2203 promunturium
685 2118 960 2184 Acroceraunium
999 2119 1109 2199 3,150
1143 2116 1315 2202 Agrippae
1352 2126 1412 2189 est.
1467 2120 1580 2187 eodem
1617 2125 1727 2186 autem

392 2225 520 2289 nomine
549 2245 622 2290 eum
653 2222 743 2289 locus
773 2226 804 2305 3,
818 2226 861 2294 97
890 2228 1027 2301 vocetur,
1060 2222 1173 2289 eodem
1203 2230 1334 2289 auctore
1356 2223 1502 2291 Plinium
1533 2223 1727 2292 aVarrcue

392 2329 562 2397 descivisse
585 2330 736 2398 arbitror.
775 2351 858 2415 quae
882 2330 1043 2396 cantantia
1057 2330 1187 2414 egregie
1202 2329 1410 2397 confirmatur
1424 2352 1472 2412 eo,
1498 2331 1586 2417 quod
1601 2331 1728 2397 Pliniue

392 2438 462 2522 ipae
484 2437 525 2503 ab
554 2436 704 2523 Agrippa
734 2437 824 2502 ainus
847 2435 966 2501 ltaliae
996 2442 1030 2502 ct
1057 2433 1179 2520 Illyrici
1210 2435 1370 2503 ambitum
1404 2443 1625 2522 computatum
1658 2457 1728 2503 5555

390 2550 547 2612 testatur:
578 2547 687 2625 3150
708 2545 878 2608 univercum
900 2555 1000 2607 autam
1022 2544 1123 2607 mcum
1144 2544 1252 2608 Iuliae
1274 2555 1303 2609 et
1322 2544 1444 2629 Illyrici
1466 2544 1579 2608 55151111
1600 2533 1727 2633 [ΠΙ-Ι)

392 2651 557 2736 (Agrippa
583 2652 751 2736 prodidit).
797 2672 893 2736 quam
925 2651 952 2715 51
982 2671 1087 2735 unque
1115 2651 1158 2717 ad
1181 2651 1350 2717 Lacinium
1380 2651 1641 2736 promunturium
1672 2671 1726 2717 ex·

390 2757 606 2840 tenderemus,
631 2758 735 2825 multo
758 2758 860 2823 maior
882 2756 1032 2823 evaderet
1055 2777 1190 2823 summa
1227 2779 1305 2823 nam
1320 2759 1447 2824 etiamsi
1460 2758 1544 2839 duae
1559 2778 1728 2824 manaurae

391 2864 433 2930 ab
449 2862 602 2950 Agrippa
621 2865 745 2931 alienae
767 2866 803 2931 in
825 2867 983 2931 rationem
1003 2864 1223 2930 admittendae
1246 2873 1332 2950 sunt,
1356 2871 1465 2930 tamen
1487 2864 1522 2929 in
1542 2865 1726 2930 universum

391 2971 477 3040 ratio
500 2993 565 3040 non
587 2973 726 3039 multum
749 2994 769 3039 a
793 2974 930 3040 veritate
952 2972 1068 3040 aberit.
1115 2992 1196 3057 quae
1218 2992 1386 3038 mensuras
1409 2990 1504 3038 cruce
1526 2971 1651 3039 notavi:

451 3098 620 3184 Illyricum
628 3098 657 3184 8)
680 3101 815 3185 (3,150)
881 3146 1444 3169 ...........
1479 3098 1545 3167 705
1568 3117 1609 3164 m.
1634 3119 1666 3180 p.

451 3205 582 3271 Histria
606 3204 659 3290 (ef.
683 3203 769 3270 infra
790 3226 823 3288 p.
848 3206 925 3287 121)
936 3251 1442 3275 ..........
1478 3205 1542 3272 125
1580 3252 1596 3285 „
1640 3252 1656 3285 „

451 3309 632 3400 †Formio
655 3311 698 3376 ab
721 3309 878 3376 Ravenna
935 3355 1443 3381 ..........
1479 3311 1543 3379 189
1581 3358 1597 3391 „
1640 3357 1657 3391 ‚,

451 3415 657 3506 †Ravenna
679 3417 721 3483 ab
745 3417 882 3482 Ancona
935 3465 1443 3487 ..........
1480 3419 1543 3485 105
1581 3465 1597 3499 ,,
1641 3465 1657 3499 ,,

452 3525 590 3591 Ancona
612 3547 633 3590 a
656 3523 810 3607 Gargano
834 3522 957 3612 (Strab.
983 3524 1062 3610 285)
1102 3572 1443 3594 .......
1478 3527 1545 3593 254
1581 3574 1597 3604 ,,
1640 3573 1656 3606 „

453 3630 628 3716 Garganus
650 3653 670 3697 a
694 3630 874 3698 Sallentino
897 3629 1019 3713 (Strab.
1036 3629 1114 3698 ibid.
1138 3634 1172 3696 51
1194 3630 1278 3699 Plin.
1295 3634 1325 3714 3,
1346 3628 1444 3717 103⁴)
1479 3632 1545 3699 234
1581 3678 1598 3712 ,,
1640 3679 1657 3713 ,,

451 3737 667 3806 Sallentinum
692 3760 712 3804 a
734 3737 867 3804 Lacinio
891 3736 1015 3822 (Strab.
1040 3737 1120 3820 261)
1156 3784 1442 3806 ......
1478 3739 1544 3805 240
1581 3785 1597 3818 „
1640 3785 1656 3818 „

452 3885 536 3949 quae
559 3885 682 3929 summa
705 3863 805 3929 5111511
1453 3865 1539 3931 1852
1562 3882 1605 3928 m.
1629 3883 1663 3944 p.

391 3989 510 4055 omissa
532 4007 609 4052 vcro
628 3986 744 4052 ultima
766 4007 916 4052 mensura
939 3984 1124 4051 efficiuntur
1147 3987 1234 4056 1612
1256 4006 1299 4054 m.
1323 4007 1355 4069 p.
1379 4005 1419 4050 ac
1441 3985 1469 4050 ai
1484 3983 1669 4069 Agrippam
1691 3980 1727 4048 in

391 4097 574 4180 universum
608 4098 779 4162 terrestres
810 4112 977 4158 mensurae
1016 4092 1180 4158 breviores
1223 4098 1412 4175 computare
1455 4112 1553 4175 quarn
1581 4089 1727 4176 reliquae

392 4200 711 4283 consideraverimus,
736 4199 777 4264 de
800 4198 866 4266 illie
884 4187 975 4265 Π
989 4200 1029 4264 115
1052 4197 1145 4264 nobie
1167 4219 1230 4262 non
1254 4197 1326 4262 erit.
1350 4195 1406 4264 eed
1425 4196 1569 4261 nascitur
1588 4197 1727 4280 auspicio

392 4330 456 4374 non
478 4297 611 4394 lXVHp
631 4328 742 4372 verum
759 4295 856 4395 >We
878 4305 966 4391 apud
981 4305 1124 4372 Plinium
1141 4307 1172 4384 3,
1192 4306 1252 4373 150
1274 4304 1431 4388 scriptum
1446 4301 1592 4387 fuisael).
1616 4309 1727 4368 tamen

392 4415 458 4502 cive
474 4415 595 4499 accipie
618 4413 702 4478 hane
724 4414 940 4478 coniecturam
963 4414 1031 4478 eive
1053 4411 1190 4496 respuis,
1215 4409 1293 4494 quin
1309 4410 1397 4475 ainus
1411 4403 1599 4494 Agrippeua
1614 4408 1691 4476 iude
1705 4429 1728 4476 a

396 4601 400 4609 '
501 4593 522 4661 ¹)
541 4592 614 4646 idem
633 4606 664 4644 os
682 4588 756 4644 Ionii
773 4588 859 4643 marie
876 4587 1022 4643 constituit
1038 4585 1084 4643 Pe.
1103 4587 1175 4656 Scyl.
1194 4585 1256 4642 217.

500 4681 525 4749 2)
543 4678 579 4734 ci.
597 4695 624 4748 p.
644 4679 741 4747 13teq.

501 4769 525 4838 8)
552 4766 698 4838 Illyricum
725 4767 760 4821 ab
790 4765 873 4820 Areia
904 4780 991 4834 usqne
1018 4763 1054 4818 ad
1087 4763 1320 4819 Acroceraunium
1345 4760 1571 4833 promunturium
1598 4761 1728 4832 Agrippa

391 4856 539 4928 intellegit.

499 4948 523 5017 ⁴)
542 4945 577 5001 oi.
598 4945 749 5002 Schrader
766 4943 853 5001 Britr.
872 4941 1008 4999 1111883
1028 4959 1056 5012 p.
1076 4941 1120 4998 18.

499 5038 522 5109 ὓ)
541 5037 652 5092 variant
669 5036 735 5090 libri
755 5034 831 5091 DFR
858 5033 907 5103 qui
931 5030 1036 5087 XIIII
1057 5031 1201 5101 praebent
1238 5045 1292 5099 qun
1313 5029 1433 5084 lectione
1455 5026 1496 5082 nil
1517 5024 1658 5081 lucramur
1674 5040 1728 5080 neo

390 5124 538 5196 quiequam
565 5124 657 5179 tritius
682 5140 767 5196 quam
793 5138 845 5193 pro
869 5120 896 5172 V
913 5120 959 5176 vel
987 5117 1012 5175 U
1033 5117 1068 5176 11
1093 5117 1186 5176 neubi.
1221 5117 1383 5174 Pnrtaehine
1409 5116 1429 5173 l
1452 5115 1472 5172 l.
1494 5133 1522 5185 p.
1545 5115 1578 5170 41
1609 5111 1727 5168 undem
